<?xml version="1.0" encoding="UTF-8" standalone="yes"?>
<Document xmlns="urn:iso:std:iso:20022:tech:xsd:camt.053.001.02" xmlns:xsi="http://www.w3.org/2001/XMLSchema-instance" xsi:schemaLocation="urn:iso:std:iso:20022:tech:xsd:camt.053.001.02 ./camt.053.001.02.xsd">
  <BkToCstmrStmt>
    <GrpHdr>
      <MsgId>2016-10-11T09:01:12/29588</MsgId>
      <CreDtTm>2016-10-11T09:01:12</CreDtTm>
    </GrpHdr>
    <Stmt>
      <Id>10001QC2PSTTGMSS</Id>
      <LglSeqNb>176</LglSeqNb>
      <CreDtTm>2016-09-12T00:00:00</CreDtTm>
      <Acct>
        <Id>
          <IBAN>SI56290000050690990</IBAN>
        </Id>
        <Ownr>
          <Nm>FREJA, D.O.O.</Nm>
          <PstlAdr>
            <Ctry>SI</Ctry>
            <AdrLine>GOLOUHOVA ULICA 28</AdrLine>
            <AdrLine>1000 LJUBLJANA</AdrLine>
          </PstlAdr>
        </Ownr>
      </Acct>
      <Bal>
        <Tp>
          <CdOrPrtry>
            <Cd>OPBD</Cd>
          </CdOrPrtry>
        </Tp>
        <Amt Ccy="EUR">3807.35</Amt>
        <CdtDbtInd>CRDT</CdtDbtInd>
        <Dt>
          <Dt>2016-09-09</Dt>
        </Dt>
      </Bal>
      <Bal>
        <Tp>
          <CdOrPrtry>
            <Cd>CLBD</Cd>
          </CdOrPrtry>
        </Tp>
        <Amt Ccy="EUR">6038.40</Amt>
        <CdtDbtInd>CRDT</CdtDbtInd>
        <Dt>
          <Dt>2016-09-12</Dt>
        </Dt>
      </Bal>
      <TxsSummry>
        <TtlCdtNtries>
          <NbOfNtries>5</NbOfNtries>
          <Sum>3722.34</Sum>
        </TtlCdtNtries>
        <TtlDbtNtries>
          <NbOfNtries>4</NbOfNtries>
          <Sum>1491.29</Sum>
        </TtlDbtNtries>
      </TxsSummry>
      <Ntry>
        <Amt Ccy="EUR">41.57</Amt>
        <CdtDbtInd>DBIT</CdtDbtInd>
        <Sts>BOOK</Sts>
        <BookgDt>
          <Dt>2016-09-12</Dt>
        </BookgDt>
        <ValDt>
          <Dt>2016-09-10</Dt>
        </ValDt>
        <AcctSvcrRef>10001QC2PSQXTX7Q</AcctSvcrRef>
        <BkTxCd>
          <Prtry>
            <Cd>NOTPROVIDED</Cd>
          </Prtry>
        </BkTxCd>
        <NtryDtls>
          <TxDtls>
            <Refs>
              <EndToEndId>NOTPROVIDED</EndToEndId>
              <TxId>20160912006844//CLT2-1619200670/374</TxId>
            </Refs>
            <RltdPties>
              <Dbtr>
                <Nm>FREJA, D.O.O.</Nm>
                <PstlAdr>
                  <Ctry>SI</Ctry>
                  <AdrLine>GOLOUHOVA ULICA 28</AdrLine>
                  <AdrLine>1000 LJUBLJANA</AdrLine>
                </PstlAdr>
              </Dbtr>
              <DbtrAcct>
                <Id>
                  <IBAN>SI56290000050690990</IBAN>
                </Id>
              </DbtrAcct>
              <Cdtr>
                <Nm>BAUHAUS d.o.o., k.d. 9 Ljubljana-SI</Nm>
                <PstlAdr>
                  <Ctry>SI</Ctry>
                  <AdrLine>-</AdrLine>
                  <AdrLine>-</AdrLine>
                </PstlAdr>
              </Cdtr>
              <CdtrAcct>
                <Id>
                  <Othr>
                    <Id>-</Id>
                  </Othr>
                </Id>
              </CdtrAcct>
            </RltdPties>
            <RltdAgts>
              <DbtrAgt>
                <FinInstnId>
                  <BIC>BACXSI22</BIC>
                </FinInstnId>
              </DbtrAgt>
              <CdtrAgt>
                <FinInstnId>
                  <BIC>BACXSI22</BIC>
                </FinInstnId>
              </CdtrAgt>
            </RltdAgts>
            <RmtInf>
              <Ustrd>POS nakup /Card 6771-XXXX-XXXX-XXXX-358 /41,57 EUR 09/09/16</Ustrd>
            </RmtInf>
            <RltdDts>
              <IntrBkSttlmDt>2016-09-12</IntrBkSttlmDt>
            </RltdDts>
          </TxDtls>
        </NtryDtls>
      </Ntry>
      <Ntry>
        <Amt Ccy="EUR">48.92</Amt>
        <CdtDbtInd>DBIT</CdtDbtInd>
        <Sts>BOOK</Sts>
        <BookgDt>
          <Dt>2016-09-12</Dt>
        </BookgDt>
        <ValDt>
          <Dt>2016-09-12</Dt>
        </ValDt>
        <AcctSvcrRef>10001QC2PSR7D644</AcctSvcrRef>
        <BkTxCd>
          <Prtry>
            <Cd>NOTPROVIDED</Cd>
          </Prtry>
        </BkTxCd>
        <NtryDtls>
          <TxDtls>
            <Refs>
              <InstrId>10001QC2PSA8KVX2</InstrId>
              <EndToEndId>NOTPROVIDED</EndToEndId>
              <TxId>20160912610080//00127041756/507</TxId>
            </Refs>
            <RltdPties>
              <Dbtr>
                <Nm>FREJA, D.O.O.</Nm>
                <PstlAdr>
                  <Ctry>SI</Ctry>
                  <AdrLine>GOLOUHOVA ULICA 28</AdrLine>
                  <AdrLine>1000 LJUBLJANA</AdrLine>
                </PstlAdr>
              </Dbtr>
              <DbtrAcct>
                <Id>
                  <IBAN>SI56290000050690990</IBAN>
                </Id>
              </DbtrAcct>
              <Cdtr>
                <Nm>PRORACUN DRZAVE </Nm>
                <PstlAdr>
                  <Ctry>SI</Ctry>
                  <AdrLine>DAVCNA ULICA 1 LJUBLJANA</AdrLine>
                  <AdrLine>-</AdrLine>
                </PstlAdr>
              </Cdtr>
              <CdtrAcct>
                <Id>
                  <IBAN>SI56011008881000030</IBAN>
                </Id>
              </CdtrAcct>
            </RltdPties>
            <RltdAgts>
              <DbtrAgt>
                <FinInstnId>
                  <BIC>BACXSI22</BIC>
                </FinInstnId>
              </DbtrAgt>
              <CdtrAgt>
                <FinInstnId>
                  <BIC>BSLJSI2X</BIC>
                </FinInstnId>
              </CdtrAgt>
            </RltdAgts>
            <Purp>
              <Cd>TAXS</Cd>
            </Purp>
            <RmtInf>
              <Strd>
                <CdtrRefInf>
                  <Ref>SI1998870017-80004</Ref>
                </CdtrRefInf>
                <AddtlRmtInf>AKONT.DAVKA OD DOBICKA</AddtlRmtInf>
              </Strd>
            </RmtInf>
            <RltdDts>
              <IntrBkSttlmDt>2016-09-12</IntrBkSttlmDt>
            </RltdDts>
          </TxDtls>
        </NtryDtls>
      </Ntry>
      <Ntry>
        <Amt Ccy="EUR">1400.00</Amt>
        <CdtDbtInd>DBIT</CdtDbtInd>
        <Sts>BOOK</Sts>
        <BookgDt>
          <Dt>2016-09-12</Dt>
        </BookgDt>
        <ValDt>
          <Dt>2016-09-12</Dt>
        </ValDt>
        <AcctSvcrRef>10001QC2PSR7D66C</AcctSvcrRef>
        <BkTxCd>
          <Prtry>
            <Cd>NOTPROVIDED</Cd>
          </Prtry>
        </BkTxCd>
        <NtryDtls>
          <TxDtls>
            <Refs>
              <InstrId>10001QC2PSR5L6DC</InstrId>
              <EndToEndId>NOTPROVIDED</EndToEndId>
              <TxId>20160912610080//00127041757/508</TxId>
            </Refs>
            <RltdPties>
              <Dbtr>
                <Nm>FREJA, D.O.O.</Nm>
                <PstlAdr>
                  <Ctry>SI</Ctry>
                  <AdrLine>GOLOUHOVA ULICA 28</AdrLine>
                  <AdrLine>1000 LJUBLJANA</AdrLine>
                </PstlAdr>
              </Dbtr>
              <DbtrAcct>
                <Id>
                  <IBAN>SI56290000050690990</IBAN>
                </Id>
              </DbtrAcct>
              <Cdtr>
                <Nm>FANCI D.O.O. </Nm>
                <PstlAdr>
                  <Ctry>SI</Ctry>
                  <AdrLine>GOLOUHOVA ULICA 30 1000 LJUBLJANA</AdrLine>
                  <AdrLine>-</AdrLine>
                </PstlAdr>
              </Cdtr>
              <CdtrAcct>
                <Id>
                  <IBAN>SI56290000051090727</IBAN>
                </Id>
              </CdtrAcct>
            </RltdPties>
            <RltdAgts>
              <DbtrAgt>
                <FinInstnId>
                  <BIC>BACXSI22</BIC>
                </FinInstnId>
              </DbtrAgt>
              <CdtrAgt>
                <FinInstnId>
                  <BIC>BACXSI22</BIC>
                </FinInstnId>
              </CdtrAgt>
            </RltdAgts>
            <Purp>
              <Cd>SUPP</Cd>
            </Purp>
            <RmtInf>
              <Strd>
                <CdtrRefInf>
                  <Ref>SI000</Ref>
                </CdtrRefInf>
                <AddtlRmtInf>PLR</AddtlRmtInf>
              </Strd>
            </RmtInf>
            <RltdDts>
              <IntrBkSttlmDt>2016-09-12</IntrBkSttlmDt>
            </RltdDts>
          </TxDtls>
        </NtryDtls>
      </Ntry>
      <Ntry>
        <Amt Ccy="EUR">23.93</Amt>
        <CdtDbtInd>CRDT</CdtDbtInd>
        <Sts>BOOK</Sts>
        <BookgDt>
          <Dt>2016-09-12</Dt>
        </BookgDt>
        <ValDt>
          <Dt>2016-09-12</Dt>
        </ValDt>
        <AcctSvcrRef>10001QC2PSS243S8</AcctSvcrRef>
        <BkTxCd>
          <Prtry>
            <Cd>NOTPROVIDED</Cd>
          </Prtry>
        </BkTxCd>
        <NtryDtls>
          <TxDtls>
            <Refs>
              <EndToEndId>SI05382000-2102-20160912</EndToEndId>
              <TxId>20160912610106//00127060496/540</TxId>
            </Refs>
            <RltdPties>
              <Dbtr>
                <Nm>BISERKA BEHIN </Nm>
                <PstlAdr>
                  <Ctry>SI</Ctry>
                  <AdrLine>PERNICA 48 A 2231 PERNICA</AdrLine>
                  <AdrLine>-</AdrLine>
                </PstlAdr>
              </Dbtr>
              <DbtrAcct>
                <Id>
                  <IBAN>SI56010000009000034</IBAN>
                </Id>
              </DbtrAcct>
              <UltmtDbtr>
                <Nm>BISERKA BEHIN </Nm>
              </UltmtDbtr>
              <Cdtr>
                <Nm>FREJA, D.O.O.</Nm>
                <PstlAdr>
                  <Ctry>SI</Ctry>
                  <AdrLine>GOLOUHOVA ULICA 28</AdrLine>
                  <AdrLine>1000 LJUBLJANA</AdrLine>
                </PstlAdr>
              </Cdtr>
              <CdtrAcct>
                <Id>
                  <IBAN>SI56290000050690990</IBAN>
                </Id>
              </CdtrAcct>
            </RltdPties>
            <RltdAgts>
              <DbtrAgt>
                <FinInstnId>
                  <BIC>PBSLSI22</BIC>
                </FinInstnId>
              </DbtrAgt>
              <CdtrAgt>
                <FinInstnId>
                  <BIC>BACXSI22</BIC>
                </FinInstnId>
              </CdtrAgt>
            </RltdAgts>
            <Purp>
              <Cd>OTHR</Cd>
            </Purp>
            <RmtInf>
              <Strd>
                <CdtrRefInf>
                  <Ref>SI002016-14491</Ref>
                </CdtrRefInf>
                <AddtlRmtInf>DRUGO</AddtlRmtInf>
              </Strd>
            </RmtInf>
            <RltdDts>
              <IntrBkSttlmDt>2016-09-12</IntrBkSttlmDt>
            </RltdDts>
          </TxDtls>
        </NtryDtls>
      </Ntry>
      <Ntry>
        <Amt Ccy="EUR">62.50</Amt>
        <CdtDbtInd>CRDT</CdtDbtInd>
        <Sts>BOOK</Sts>
        <BookgDt>
          <Dt>2016-09-12</Dt>
        </BookgDt>
        <ValDt>
          <Dt>2016-09-12</Dt>
        </ValDt>
        <AcctSvcrRef>10001QC2PSSG5C36</AcctSvcrRef>
        <BkTxCd>
          <Prtry>
            <Cd>NOTPROVIDED</Cd>
          </Prtry>
        </BkTxCd>
        <NtryDtls>
          <TxDtls>
            <Refs>
              <EndToEndId>SI05382000-1111-20160912</EndToEndId>
              <TxId>20160912610120//00127074583/540</TxId>
            </Refs>
            <RltdPties>
              <Dbtr>
                <Nm>VASKELJ MARTIN </Nm>
                <PstlAdr>
                  <Ctry>SI</Ctry>
                  <AdrLine>VIDMAREJEVA 8 1000 LJUBLJANA</AdrLine>
                  <AdrLine>-</AdrLine>
                </PstlAdr>
              </Dbtr>
              <DbtrAcct>
                <Id>
                  <IBAN>SI56010000009000034</IBAN>
                </Id>
              </DbtrAcct>
              <UltmtDbtr>
                <Nm>VASKELJ MARTIN </Nm>
              </UltmtDbtr>
              <Cdtr>
                <Nm>FREJA, D.O.O.</Nm>
                <PstlAdr>
                  <Ctry>SI</Ctry>
                  <AdrLine>GOLOUHOVA ULICA 28</AdrLine>
                  <AdrLine>1000 LJUBLJANA</AdrLine>
                </PstlAdr>
              </Cdtr>
              <CdtrAcct>
                <Id>
                  <IBAN>SI56290000050690990</IBAN>
                </Id>
              </CdtrAcct>
            </RltdPties>
            <RltdAgts>
              <DbtrAgt>
                <FinInstnId>
                  <BIC>PBSLSI22</BIC>
                </FinInstnId>
              </DbtrAgt>
              <CdtrAgt>
                <FinInstnId>
                  <BIC>BACXSI22</BIC>
                </FinInstnId>
              </CdtrAgt>
            </RltdAgts>
            <Purp>
              <Cd>GDSV</Cd>
            </Purp>
            <RmtInf>
              <Strd>
                <CdtrRefInf>
                  <Ref>SI0000</Ref>
                </CdtrRefInf>
                <AddtlRmtInf>KUPOPRODAJA BLAGA IN STORITEV</AddtlRmtInf>
              </Strd>
            </RmtInf>
            <RltdDts>
              <IntrBkSttlmDt>2016-09-12</IntrBkSttlmDt>
            </RltdDts>
          </TxDtls>
        </NtryDtls>
      </Ntry>
      <Ntry>
        <Amt Ccy="EUR">746.64</Amt>
        <CdtDbtInd>CRDT</CdtDbtInd>
        <Sts>BOOK</Sts>
        <BookgDt>
          <Dt>2016-09-12</Dt>
        </BookgDt>
        <ValDt>
          <Dt>2016-09-12</Dt>
        </ValDt>
        <AcctSvcrRef>10001QC2PSSRYCXN</AcctSvcrRef>
        <BkTxCd>
          <Prtry>
            <Cd>NOTPROVIDED</Cd>
          </Prtry>
        </BkTxCd>
        <NtryDtls>
          <TxDtls>
            <Refs>
              <EndToEndId>RE201609100017244-301569790</EndToEndId>
              <TxId>20160912514323//6256904381/100</TxId>
            </Refs>
            <RltdPties>
              <Dbtr>
                <Nm>SIX PAYMENT SERVICES (AUT), ATU1535 5906</Nm>
                <PstlAdr>
                  <Ctry>AT</Ctry>
                  <AdrLine>1030 MARXERGASSE 1B</AdrLine>
                  <AdrLine>-</AdrLine>
                </PstlAdr>
              </Dbtr>
              <DbtrAcct>
                <Id>
                  <IBAN>AT447603020000000009</IBAN>
                </Id>
              </DbtrAcct>
              <Cdtr>
                <Nm>FREJA, D.O.O.</Nm>
                <PstlAdr>
                  <Ctry>SI</Ctry>
                  <AdrLine>GOLOUHOVA ULICA 28</AdrLine>
                  <AdrLine>1000 LJUBLJANA</AdrLine>
                </PstlAdr>
              </Cdtr>
              <CdtrAcct>
                <Id>
                  <IBAN>SI56290000050690990</IBAN>
                </Id>
              </CdtrAcct>
            </RltdPties>
            <RltdAgts>
              <DbtrAgt>
                <FinInstnId>
                  <BIC>PLBKATWWXXX</BIC>
                </FinInstnId>
              </DbtrAgt>
              <CdtrAgt>
                <FinInstnId>
                  <BIC>BACXSI22XXX</BIC>
                </FinInstnId>
              </CdtrAgt>
            </RltdAgts>
            <Purp>
              <Cd>GDSV</Cd>
            </Purp>
            <RmtInf>
              <Ustrd>RE201609100017244-301569790/BR+754,04/DI-7,40/DM0910+432,85/CM0910+225,69/CV0910+95,50</Ustrd>
            </RmtInf>
            <RltdDts>
              <IntrBkSttlmDt>2016-09-12</IntrBkSttlmDt>
            </RltdDts>
          </TxDtls>
        </NtryDtls>
      </Ntry>
      <Ntry>
        <Amt Ccy="EUR">1837.75</Amt>
        <CdtDbtInd>CRDT</CdtDbtInd>
        <Sts>BOOK</Sts>
        <BookgDt>
          <Dt>2016-09-12</Dt>
        </BookgDt>
        <ValDt>
          <Dt>2016-09-12</Dt>
        </ValDt>
        <AcctSvcrRef>10001QC2PSSRYCXU</AcctSvcrRef>
        <BkTxCd>
          <Prtry>
            <Cd>NOTPROVIDED</Cd>
          </Prtry>
        </BkTxCd>
        <NtryDtls>
          <TxDtls>
            <Refs>
              <EndToEndId>RE201609090023711-301569790</EndToEndId>
              <TxId>20160912514378//6256904449/100</TxId>
            </Refs>
            <RltdPties>
              <Dbtr>
                <Nm>SIX PAYMENT SERVICES (AUT), ATU1535 5906</Nm>
                <PstlAdr>
                  <Ctry>AT</Ctry>
                  <AdrLine>1030 MARXERGASSE 1B</AdrLine>
                  <AdrLine>-</AdrLine>
                </PstlAdr>
              </Dbtr>
              <DbtrAcct>
                <Id>
                  <IBAN>AT447603020000000009</IBAN>
                </Id>
              </DbtrAcct>
              <Cdtr>
                <Nm>FREJA, D.O.O.</Nm>
                <PstlAdr>
                  <Ctry>SI</Ctry>
                  <AdrLine>GOLOUHOVA ULICA 28</AdrLine>
                  <AdrLine>1000 LJUBLJANA</AdrLine>
                </PstlAdr>
              </Cdtr>
              <CdtrAcct>
                <Id>
                  <IBAN>SI56290000050690990</IBAN>
                </Id>
              </CdtrAcct>
            </RltdPties>
            <RltdAgts>
              <DbtrAgt>
                <FinInstnId>
                  <BIC>PLBKATWWXXX</BIC>
                </FinInstnId>
              </DbtrAgt>
              <CdtrAgt>
                <FinInstnId>
                  <BIC>BACXSI22XXX</BIC>
                </FinInstnId>
              </CdtrAgt>
            </RltdAgts>
            <Purp>
              <Cd>GDSV</Cd>
            </Purp>
            <RmtInf>
              <Ustrd>RE201609090023711-301569790/BR+1855,44/DI-17,69/DM0909+1073,15/CM0909+325,38/CV0909+456,91</Ustrd>
            </RmtInf>
            <RltdDts>
              <IntrBkSttlmDt>2016-09-12</IntrBkSttlmDt>
            </RltdDts>
          </TxDtls>
        </NtryDtls>
      </Ntry>
      <Ntry>
        <Amt Ccy="EUR">0.80</Amt>
        <CdtDbtInd>DBIT</CdtDbtInd>
        <Sts>BOOK</Sts>
        <BookgDt>
          <Dt>2016-09-12</Dt>
        </BookgDt>
        <ValDt>
          <Dt>2016-09-12</Dt>
        </ValDt>
        <AcctSvcrRef>10001QC2PSTTGNAG</AcctSvcrRef>
        <BkTxCd>
          <Prtry>
            <Cd>NOTPROVIDED</Cd>
          </Prtry>
        </BkTxCd>
        <NtryDtls>
          <TxDtls>
            <Refs>
              <EndToEndId>NOTPROVIDED</EndToEndId>
              <TxId>20160912999922///283</TxId>
            </Refs>
            <RltdPties>
              <Dbtr>
                <Nm>FREJA, D.O.O.</Nm>
                <PstlAdr>
                  <Ctry>SI</Ctry>
                  <AdrLine>GOLOUHOVA ULICA 28</AdrLine>
                  <AdrLine>1000 LJUBLJANA</AdrLine>
                </PstlAdr>
              </Dbtr>
              <DbtrAcct>
                <Id>
                  <IBAN>SI56290000050690990</IBAN>
                </Id>
              </DbtrAcct>
              <Cdtr>
                <Nm>-</Nm>
                <PstlAdr>
                  <Ctry>SI</Ctry>
                  <AdrLine>-</AdrLine>
                  <AdrLine>-</AdrLine>
                </PstlAdr>
              </Cdtr>
              <CdtrAcct>
                <Id>
                  <Othr>
                    <Id>-</Id>
                  </Othr>
                </Id>
              </CdtrAcct>
            </RltdPties>
            <RltdAgts>
              <DbtrAgt>
                <FinInstnId>
                  <BIC>BACXSI22</BIC>
                </FinInstnId>
              </DbtrAgt>
              <CdtrAgt>
                <FinInstnId>
                  <BIC>BACXSI22</BIC>
                </FinInstnId>
              </CdtrAgt>
            </RltdAgts>
            <RmtInf>
              <Ustrd>PROVIZIJA ELEKTR. STAND. 1 x 0,80 EUR</Ustrd>
            </RmtInf>
            <RltdDts>
              <IntrBkSttlmDt>2016-09-12</IntrBkSttlmDt>
            </RltdDts>
          </TxDtls>
        </NtryDtls>
      </Ntry>
      <Ntry>
        <Amt Ccy="EUR">354.39</Amt>
        <CdtDbtInd>CRDT</CdtDbtInd>
        <Sts>BOOK</Sts>
        <BookgDt>
          <Dt>2016-09-12</Dt>
        </BookgDt>
        <ValDt>
          <Dt>2016-09-12</Dt>
        </ValDt>
        <AcctSvcrRef>10001QC2PSS243SE</AcctSvcrRef>
        <BkTxCd>
          <Prtry>
            <Cd>NOTPROVIDED</Cd>
          </Prtry>
        </BkTxCd>
        <NtryDtls>
          <TxDtls>
            <Refs>
              <EndToEndId>12372</EndToEndId>
              <TxId>12372</TxId>
            </Refs>
            <RltdPties>
              <Dbtr>
                <Nm>Lepotni atelje AINE</Nm>
                <PstlAdr>
                  <Ctry>SI</Ctry>
                  <AdrLine>SLOMSKOV TRG 010 2000 MARIBOR</AdrLine>
                  <AdrLine>-</AdrLine>
                </PstlAdr>
              </Dbtr>
              <DbtrAcct>
                <Id>
                  <IBAN>SI56906720000040025</IBAN>
                </Id>
              </DbtrAcct>
              <Cdtr>
                <Nm>FREJA, D.O.O.</Nm>
                <PstlAdr>
                  <Ctry>SI</Ctry>
                  <AdrLine>GOLOUHOVA ULICA 28</AdrLine>
                  <AdrLine>1000 LJUBLJANA</AdrLine>
                </PstlAdr>
              </Cdtr>
              <CdtrAcct>
                <Id>
                  <IBAN>SI56290000050690990</IBAN>
                </Id>
              </CdtrAcct>
            </RltdPties>
            <RltdAgts>
              <DbtrAgt>
                <FinInstnId>
                  <BIC>PBSLSI22</BIC>
                </FinInstnId>
              </DbtrAgt>
              <CdtrAgt>
                <FinInstnId>
                  <BIC>BACXSI22</BIC>
                </FinInstnId>
              </CdtrAgt>
            </RltdAgts>
            <Purp>
              <Cd>OTHR</Cd>
            </Purp>
            <RmtInf>
              <Strd>
                <CdtrRefInf>
                  <Ref>12372</Ref>
                </CdtrRefInf>
                <AddtlRmtInf>DRUGO</AddtlRmtInf>
              </Strd>
            </RmtInf>
            <RltdDts>
              <IntrBkSttlmDt>2016-09-12</IntrBkSttlmDt>
            </RltdDts>
          </TxDtls>
        </NtryDtls>
      </Ntry>
      <Ntry>
        <Amt Ccy="EUR">43.09</Amt>
        <CdtDbtInd>CRDT</CdtDbtInd>
        <Sts>BOOK</Sts>
        <BookgDt>
          <Dt>2016-09-12</Dt>
        </BookgDt>
        <ValDt>
          <Dt>2016-09-12</Dt>
        </ValDt>
        <AcctSvcrRef>10001QC2PSS243SE</AcctSvcrRef>
        <BkTxCd>
          <Prtry>
            <Cd>NOTPROVIDED</Cd>
          </Prtry>
        </BkTxCd>
        <NtryDtls>
          <TxDtls>
            <Refs>
              <EndToEndId>11834</EndToEndId>
              <TxId>11834</TxId>
            </Refs>
            <RltdPties>
              <Dbtr>
                <Nm>Natalija Tavčer</Nm>
                <PstlAdr>
                  <Ctry>SI</Ctry>
                  <AdrLine>SLOMSKOV TRG 010 2000 MARIBOR</AdrLine>
                  <AdrLine>-</AdrLine>
                </PstlAdr>
              </Dbtr>
              <DbtrAcct>
                <Id>
                  <IBAN>SI56906720000040025</IBAN>
                </Id>
              </DbtrAcct>
              <Cdtr>
                <Nm>FREJA, D.O.O.</Nm>
                <PstlAdr>
                  <Ctry>SI</Ctry>
                  <AdrLine>GOLOUHOVA ULICA 28</AdrLine>
                  <AdrLine>1000 LJUBLJANA</AdrLine>
                </PstlAdr>
              </Cdtr>
              <CdtrAcct>
                <Id>
                  <IBAN>SI56290000050690990</IBAN>
                </Id>
              </CdtrAcct>
            </RltdPties>
            <RltdAgts>
              <DbtrAgt>
                <FinInstnId>
                  <BIC>PBSLSI22</BIC>
                </FinInstnId>
              </DbtrAgt>
              <CdtrAgt>
                <FinInstnId>
                  <BIC>BACXSI22</BIC>
                </FinInstnId>
              </CdtrAgt>
            </RltdAgts>
            <Purp>
              <Cd>OTHR</Cd>
            </Purp>
            <RmtInf>
              <Strd>
                <CdtrRefInf>
                  <Ref>11834</Ref>
                </CdtrRefInf>
                <AddtlRmtInf>DRUGO</AddtlRmtInf>
              </Strd>
            </RmtInf>
            <RltdDts>
              <IntrBkSttlmDt>2016-09-12</IntrBkSttlmDt>
            </RltdDts>
          </TxDtls>
        </NtryDtls>
      </Ntry>
      <Ntry>
        <Amt Ccy="EUR">105.1</Amt>
        <CdtDbtInd>CRDT</CdtDbtInd>
        <Sts>BOOK</Sts>
        <BookgDt>
          <Dt>2016-09-12</Dt>
        </BookgDt>
        <ValDt>
          <Dt>2016-09-12</Dt>
        </ValDt>
        <AcctSvcrRef>10001QC2PSS243SE</AcctSvcrRef>
        <BkTxCd>
          <Prtry>
            <Cd>NOTPROVIDED</Cd>
          </Prtry>
        </BkTxCd>
        <NtryDtls>
          <TxDtls>
            <Refs>
              <EndToEndId>12374</EndToEndId>
              <TxId>12374</TxId>
            </Refs>
            <RltdPties>
              <Dbtr>
                <Nm>Katja Kocjan</Nm>
                <PstlAdr>
                  <Ctry>SI</Ctry>
                  <AdrLine>SLOMSKOV TRG 010 2000 MARIBOR</AdrLine>
                  <AdrLine>-</AdrLine>
                </PstlAdr>
              </Dbtr>
              <DbtrAcct>
                <Id>
                  <IBAN>SI56906720000040025</IBAN>
                </Id>
              </DbtrAcct>
              <Cdtr>
                <Nm>FREJA, D.O.O.</Nm>
                <PstlAdr>
                  <Ctry>SI</Ctry>
                  <AdrLine>GOLOUHOVA ULICA 28</AdrLine>
                  <AdrLine>1000 LJUBLJANA</AdrLine>
                </PstlAdr>
              </Cdtr>
              <CdtrAcct>
                <Id>
                  <IBAN>SI56290000050690990</IBAN>
                </Id>
              </CdtrAcct>
            </RltdPties>
            <RltdAgts>
              <DbtrAgt>
                <FinInstnId>
                  <BIC>PBSLSI22</BIC>
                </FinInstnId>
              </DbtrAgt>
              <CdtrAgt>
                <FinInstnId>
                  <BIC>BACXSI22</BIC>
                </FinInstnId>
              </CdtrAgt>
            </RltdAgts>
            <Purp>
              <Cd>OTHR</Cd>
            </Purp>
            <RmtInf>
              <Strd>
                <CdtrRefInf>
                  <Ref>12374</Ref>
                </CdtrRefInf>
                <AddtlRmtInf>DRUGO</AddtlRmtInf>
              </Strd>
            </RmtInf>
            <RltdDts>
              <IntrBkSttlmDt>2016-09-12</IntrBkSttlmDt>
            </RltdDts>
          </TxDtls>
        </NtryDtls>
      </Ntry>
      <Ntry>
        <Amt Ccy="EUR">28.26</Amt>
        <CdtDbtInd>CRDT</CdtDbtInd>
        <Sts>BOOK</Sts>
        <BookgDt>
          <Dt>2016-09-12</Dt>
        </BookgDt>
        <ValDt>
          <Dt>2016-09-12</Dt>
        </ValDt>
        <AcctSvcrRef>10001QC2PSS243SE</AcctSvcrRef>
        <BkTxCd>
          <Prtry>
            <Cd>NOTPROVIDED</Cd>
          </Prtry>
        </BkTxCd>
        <NtryDtls>
          <TxDtls>
            <Refs>
              <EndToEndId>12433</EndToEndId>
              <TxId>12433</TxId>
            </Refs>
            <RltdPties>
              <Dbtr>
                <Nm>Špela Kotar</Nm>
                <PstlAdr>
                  <Ctry>SI</Ctry>
                  <AdrLine>SLOMSKOV TRG 010 2000 MARIBOR</AdrLine>
                  <AdrLine>-</AdrLine>
                </PstlAdr>
              </Dbtr>
              <DbtrAcct>
                <Id>
                  <IBAN>SI56906720000040025</IBAN>
                </Id>
              </DbtrAcct>
              <Cdtr>
                <Nm>FREJA, D.O.O.</Nm>
                <PstlAdr>
                  <Ctry>SI</Ctry>
                  <AdrLine>GOLOUHOVA ULICA 28</AdrLine>
                  <AdrLine>1000 LJUBLJANA</AdrLine>
                </PstlAdr>
              </Cdtr>
              <CdtrAcct>
                <Id>
                  <IBAN>SI56290000050690990</IBAN>
                </Id>
              </CdtrAcct>
            </RltdPties>
            <RltdAgts>
              <DbtrAgt>
                <FinInstnId>
                  <BIC>PBSLSI22</BIC>
                </FinInstnId>
              </DbtrAgt>
              <CdtrAgt>
                <FinInstnId>
                  <BIC>BACXSI22</BIC>
                </FinInstnId>
              </CdtrAgt>
            </RltdAgts>
            <Purp>
              <Cd>OTHR</Cd>
            </Purp>
            <RmtInf>
              <Strd>
                <CdtrRefInf>
                  <Ref>12433</Ref>
                </CdtrRefInf>
                <AddtlRmtInf>DRUGO</AddtlRmtInf>
              </Strd>
            </RmtInf>
            <RltdDts>
              <IntrBkSttlmDt>2016-09-12</IntrBkSttlmDt>
            </RltdDts>
          </TxDtls>
        </NtryDtls>
      </Ntry>
      <Ntry>
        <Amt Ccy="EUR">35.75</Amt>
        <CdtDbtInd>CRDT</CdtDbtInd>
        <Sts>BOOK</Sts>
        <BookgDt>
          <Dt>2016-09-12</Dt>
        </BookgDt>
        <ValDt>
          <Dt>2016-09-12</Dt>
        </ValDt>
        <AcctSvcrRef>10001QC2PSS243SE</AcctSvcrRef>
        <BkTxCd>
          <Prtry>
            <Cd>NOTPROVIDED</Cd>
          </Prtry>
        </BkTxCd>
        <NtryDtls>
          <TxDtls>
            <Refs>
              <EndToEndId>12441</EndToEndId>
              <TxId>12441</TxId>
            </Refs>
            <RltdPties>
              <Dbtr>
                <Nm>Marjeta Kralj</Nm>
                <PstlAdr>
                  <Ctry>SI</Ctry>
                  <AdrLine>SLOMSKOV TRG 010 2000 MARIBOR</AdrLine>
                  <AdrLine>-</AdrLine>
                </PstlAdr>
              </Dbtr>
              <DbtrAcct>
                <Id>
                  <IBAN>SI56906720000040025</IBAN>
                </Id>
              </DbtrAcct>
              <Cdtr>
                <Nm>FREJA, D.O.O.</Nm>
                <PstlAdr>
                  <Ctry>SI</Ctry>
                  <AdrLine>GOLOUHOVA ULICA 28</AdrLine>
                  <AdrLine>1000 LJUBLJANA</AdrLine>
                </PstlAdr>
              </Cdtr>
              <CdtrAcct>
                <Id>
                  <IBAN>SI56290000050690990</IBAN>
                </Id>
              </CdtrAcct>
            </RltdPties>
            <RltdAgts>
              <DbtrAgt>
                <FinInstnId>
                  <BIC>PBSLSI22</BIC>
                </FinInstnId>
              </DbtrAgt>
              <CdtrAgt>
                <FinInstnId>
                  <BIC>BACXSI22</BIC>
                </FinInstnId>
              </CdtrAgt>
            </RltdAgts>
            <Purp>
              <Cd>OTHR</Cd>
            </Purp>
            <RmtInf>
              <Strd>
                <CdtrRefInf>
                  <Ref>12441</Ref>
                </CdtrRefInf>
                <AddtlRmtInf>DRUGO</AddtlRmtInf>
              </Strd>
            </RmtInf>
            <RltdDts>
              <IntrBkSttlmDt>2016-09-12</IntrBkSttlmDt>
            </RltdDts>
          </TxDtls>
        </NtryDtls>
      </Ntry>
      <Ntry>
        <Amt Ccy="EUR">11.43</Amt>
        <CdtDbtInd>CRDT</CdtDbtInd>
        <Sts>BOOK</Sts>
        <BookgDt>
          <Dt>2016-09-12</Dt>
        </BookgDt>
        <ValDt>
          <Dt>2016-09-12</Dt>
        </ValDt>
        <AcctSvcrRef>10001QC2PSS243SE</AcctSvcrRef>
        <BkTxCd>
          <Prtry>
            <Cd>NOTPROVIDED</Cd>
          </Prtry>
        </BkTxCd>
        <NtryDtls>
          <TxDtls>
            <Refs>
              <EndToEndId>12268</EndToEndId>
              <TxId>12268</TxId>
            </Refs>
            <RltdPties>
              <Dbtr>
                <Nm>Lea Grmovšek</Nm>
                <PstlAdr>
                  <Ctry>SI</Ctry>
                  <AdrLine>SLOMSKOV TRG 010 2000 MARIBOR</AdrLine>
                  <AdrLine>-</AdrLine>
                </PstlAdr>
              </Dbtr>
              <DbtrAcct>
                <Id>
                  <IBAN>SI56906720000040025</IBAN>
                </Id>
              </DbtrAcct>
              <Cdtr>
                <Nm>FREJA, D.O.O.</Nm>
                <PstlAdr>
                  <Ctry>SI</Ctry>
                  <AdrLine>GOLOUHOVA ULICA 28</AdrLine>
                  <AdrLine>1000 LJUBLJANA</AdrLine>
                </PstlAdr>
              </Cdtr>
              <CdtrAcct>
                <Id>
                  <IBAN>SI56290000050690990</IBAN>
                </Id>
              </CdtrAcct>
            </RltdPties>
            <RltdAgts>
              <DbtrAgt>
                <FinInstnId>
                  <BIC>PBSLSI22</BIC>
                </FinInstnId>
              </DbtrAgt>
              <CdtrAgt>
                <FinInstnId>
                  <BIC>BACXSI22</BIC>
                </FinInstnId>
              </CdtrAgt>
            </RltdAgts>
            <Purp>
              <Cd>OTHR</Cd>
            </Purp>
            <RmtInf>
              <Strd>
                <CdtrRefInf>
                  <Ref>12268</Ref>
                </CdtrRefInf>
                <AddtlRmtInf>DRUGO</AddtlRmtInf>
              </Strd>
            </RmtInf>
            <RltdDts>
              <IntrBkSttlmDt>2016-09-12</IntrBkSttlmDt>
            </RltdDts>
          </TxDtls>
        </NtryDtls>
      </Ntry>
      <Ntry>
        <Amt Ccy="EUR">27.44</Amt>
        <CdtDbtInd>CRDT</CdtDbtInd>
        <Sts>BOOK</Sts>
        <BookgDt>
          <Dt>2016-09-12</Dt>
        </BookgDt>
        <ValDt>
          <Dt>2016-09-12</Dt>
        </ValDt>
        <AcctSvcrRef>10001QC2PSS243SE</AcctSvcrRef>
        <BkTxCd>
          <Prtry>
            <Cd>NOTPROVIDED</Cd>
          </Prtry>
        </BkTxCd>
        <NtryDtls>
          <TxDtls>
            <Refs>
              <EndToEndId>12435</EndToEndId>
              <TxId>12435</TxId>
            </Refs>
            <RltdPties>
              <Dbtr>
                <Nm>Jerneja Jerina</Nm>
                <PstlAdr>
                  <Ctry>SI</Ctry>
                  <AdrLine>SLOMSKOV TRG 010 2000 MARIBOR</AdrLine>
                  <AdrLine>-</AdrLine>
                </PstlAdr>
              </Dbtr>
              <DbtrAcct>
                <Id>
                  <IBAN>SI56906720000040025</IBAN>
                </Id>
              </DbtrAcct>
              <Cdtr>
                <Nm>FREJA, D.O.O.</Nm>
                <PstlAdr>
                  <Ctry>SI</Ctry>
                  <AdrLine>GOLOUHOVA ULICA 28</AdrLine>
                  <AdrLine>1000 LJUBLJANA</AdrLine>
                </PstlAdr>
              </Cdtr>
              <CdtrAcct>
                <Id>
                  <IBAN>SI56290000050690990</IBAN>
                </Id>
              </CdtrAcct>
            </RltdPties>
            <RltdAgts>
              <DbtrAgt>
                <FinInstnId>
                  <BIC>PBSLSI22</BIC>
                </FinInstnId>
              </DbtrAgt>
              <CdtrAgt>
                <FinInstnId>
                  <BIC>BACXSI22</BIC>
                </FinInstnId>
              </CdtrAgt>
            </RltdAgts>
            <Purp>
              <Cd>OTHR</Cd>
            </Purp>
            <RmtInf>
              <Strd>
                <CdtrRefInf>
                  <Ref>12435</Ref>
                </CdtrRefInf>
                <AddtlRmtInf>DRUGO</AddtlRmtInf>
              </Strd>
            </RmtInf>
            <RltdDts>
              <IntrBkSttlmDt>2016-09-12</IntrBkSttlmDt>
            </RltdDts>
          </TxDtls>
        </NtryDtls>
      </Ntry>
      <Ntry>
        <Amt Ccy="EUR">35.74</Amt>
        <CdtDbtInd>CRDT</CdtDbtInd>
        <Sts>BOOK</Sts>
        <BookgDt>
          <Dt>2016-09-12</Dt>
        </BookgDt>
        <ValDt>
          <Dt>2016-09-12</Dt>
        </ValDt>
        <AcctSvcrRef>10001QC2PSS243SE</AcctSvcrRef>
        <BkTxCd>
          <Prtry>
            <Cd>NOTPROVIDED</Cd>
          </Prtry>
        </BkTxCd>
        <NtryDtls>
          <TxDtls>
            <Refs>
              <EndToEndId>12442</EndToEndId>
              <TxId>12442</TxId>
            </Refs>
            <RltdPties>
              <Dbtr>
                <Nm>Bar&amp;Kozmetika Arlič</Nm>
                <PstlAdr>
                  <Ctry>SI</Ctry>
                  <AdrLine>SLOMSKOV TRG 010 2000 MARIBOR</AdrLine>
                  <AdrLine>-</AdrLine>
                </PstlAdr>
              </Dbtr>
              <DbtrAcct>
                <Id>
                  <IBAN>SI56906720000040025</IBAN>
                </Id>
              </DbtrAcct>
              <Cdtr>
                <Nm>FREJA, D.O.O.</Nm>
                <PstlAdr>
                  <Ctry>SI</Ctry>
                  <AdrLine>GOLOUHOVA ULICA 28</AdrLine>
                  <AdrLine>1000 LJUBLJANA</AdrLine>
                </PstlAdr>
              </Cdtr>
              <CdtrAcct>
                <Id>
                  <IBAN>SI56290000050690990</IBAN>
                </Id>
              </CdtrAcct>
            </RltdPties>
            <RltdAgts>
              <DbtrAgt>
                <FinInstnId>
                  <BIC>PBSLSI22</BIC>
                </FinInstnId>
              </DbtrAgt>
              <CdtrAgt>
                <FinInstnId>
                  <BIC>BACXSI22</BIC>
                </FinInstnId>
              </CdtrAgt>
            </RltdAgts>
            <Purp>
              <Cd>OTHR</Cd>
            </Purp>
            <RmtInf>
              <Strd>
                <CdtrRefInf>
                  <Ref>12442</Ref>
                </CdtrRefInf>
                <AddtlRmtInf>DRUGO</AddtlRmtInf>
              </Strd>
            </RmtInf>
            <RltdDts>
              <IntrBkSttlmDt>2016-09-12</IntrBkSttlmDt>
            </RltdDts>
          </TxDtls>
        </NtryDtls>
      </Ntry>
      <Ntry>
        <Amt Ccy="EUR">83.89</Amt>
        <CdtDbtInd>CRDT</CdtDbtInd>
        <Sts>BOOK</Sts>
        <BookgDt>
          <Dt>2016-09-12</Dt>
        </BookgDt>
        <ValDt>
          <Dt>2016-09-12</Dt>
        </ValDt>
        <AcctSvcrRef>10001QC2PSS243SE</AcctSvcrRef>
        <BkTxCd>
          <Prtry>
            <Cd>NOTPROVIDED</Cd>
          </Prtry>
        </BkTxCd>
        <NtryDtls>
          <TxDtls>
            <Refs>
              <EndToEndId>12434</EndToEndId>
              <TxId>12434</TxId>
            </Refs>
            <RltdPties>
              <Dbtr>
                <Nm>Sabina Memic</Nm>
                <PstlAdr>
                  <Ctry>SI</Ctry>
                  <AdrLine>SLOMSKOV TRG 010 2000 MARIBOR</AdrLine>
                  <AdrLine>-</AdrLine>
                </PstlAdr>
              </Dbtr>
              <DbtrAcct>
                <Id>
                  <IBAN>SI56906720000040025</IBAN>
                </Id>
              </DbtrAcct>
              <Cdtr>
                <Nm>FREJA, D.O.O.</Nm>
                <PstlAdr>
                  <Ctry>SI</Ctry>
                  <AdrLine>GOLOUHOVA ULICA 28</AdrLine>
                  <AdrLine>1000 LJUBLJANA</AdrLine>
                </PstlAdr>
              </Cdtr>
              <CdtrAcct>
                <Id>
                  <IBAN>SI56290000050690990</IBAN>
                </Id>
              </CdtrAcct>
            </RltdPties>
            <RltdAgts>
              <DbtrAgt>
                <FinInstnId>
                  <BIC>PBSLSI22</BIC>
                </FinInstnId>
              </DbtrAgt>
              <CdtrAgt>
                <FinInstnId>
                  <BIC>BACXSI22</BIC>
                </FinInstnId>
              </CdtrAgt>
            </RltdAgts>
            <Purp>
              <Cd>OTHR</Cd>
            </Purp>
            <RmtInf>
              <Strd>
                <CdtrRefInf>
                  <Ref>12434</Ref>
                </CdtrRefInf>
                <AddtlRmtInf>DRUGO</AddtlRmtInf>
              </Strd>
            </RmtInf>
            <RltdDts>
              <IntrBkSttlmDt>2016-09-12</IntrBkSttlmDt>
            </RltdDts>
          </TxDtls>
        </NtryDtls>
      </Ntry>
      <Ntry>
        <Amt Ccy="EUR">50.05</Amt>
        <CdtDbtInd>CRDT</CdtDbtInd>
        <Sts>BOOK</Sts>
        <BookgDt>
          <Dt>2016-09-12</Dt>
        </BookgDt>
        <ValDt>
          <Dt>2016-09-12</Dt>
        </ValDt>
        <AcctSvcrRef>10001QC2PSS243SE</AcctSvcrRef>
        <BkTxCd>
          <Prtry>
            <Cd>NOTPROVIDED</Cd>
          </Prtry>
        </BkTxCd>
        <NtryDtls>
          <TxDtls>
            <Refs>
              <EndToEndId>12456</EndToEndId>
              <TxId>12456</TxId>
            </Refs>
            <RltdPties>
              <Dbtr>
                <Nm>Bernarda Zorič</Nm>
                <PstlAdr>
                  <Ctry>SI</Ctry>
                  <AdrLine>SLOMSKOV TRG 010 2000 MARIBOR</AdrLine>
                  <AdrLine>-</AdrLine>
                </PstlAdr>
              </Dbtr>
              <DbtrAcct>
                <Id>
                  <IBAN>SI56906720000040025</IBAN>
                </Id>
              </DbtrAcct>
              <Cdtr>
                <Nm>FREJA, D.O.O.</Nm>
                <PstlAdr>
                  <Ctry>SI</Ctry>
                  <AdrLine>GOLOUHOVA ULICA 28</AdrLine>
                  <AdrLine>1000 LJUBLJANA</AdrLine>
                </PstlAdr>
              </Cdtr>
              <CdtrAcct>
                <Id>
                  <IBAN>SI56290000050690990</IBAN>
                </Id>
              </CdtrAcct>
            </RltdPties>
            <RltdAgts>
              <DbtrAgt>
                <FinInstnId>
                  <BIC>PBSLSI22</BIC>
                </FinInstnId>
              </DbtrAgt>
              <CdtrAgt>
                <FinInstnId>
                  <BIC>BACXSI22</BIC>
                </FinInstnId>
              </CdtrAgt>
            </RltdAgts>
            <Purp>
              <Cd>OTHR</Cd>
            </Purp>
            <RmtInf>
              <Strd>
                <CdtrRefInf>
                  <Ref>12456</Ref>
                </CdtrRefInf>
                <AddtlRmtInf>DRUGO</AddtlRmtInf>
              </Strd>
            </RmtInf>
            <RltdDts>
              <IntrBkSttlmDt>2016-09-12</IntrBkSttlmDt>
            </RltdDts>
          </TxDtls>
        </NtryDtls>
      </Ntry>
      <Ntry>
        <Amt Ccy="EUR">33.21</Amt>
        <CdtDbtInd>CRDT</CdtDbtInd>
        <Sts>BOOK</Sts>
        <BookgDt>
          <Dt>2016-09-12</Dt>
        </BookgDt>
        <ValDt>
          <Dt>2016-09-12</Dt>
        </ValDt>
        <AcctSvcrRef>10001QC2PSS243SE</AcctSvcrRef>
        <BkTxCd>
          <Prtry>
            <Cd>NOTPROVIDED</Cd>
          </Prtry>
        </BkTxCd>
        <NtryDtls>
          <TxDtls>
            <Refs>
              <EndToEndId>12438</EndToEndId>
              <TxId>12438</TxId>
            </Refs>
            <RltdPties>
              <Dbtr>
                <Nm>Iza Pajić</Nm>
                <PstlAdr>
                  <Ctry>SI</Ctry>
                  <AdrLine>SLOMSKOV TRG 010 2000 MARIBOR</AdrLine>
                  <AdrLine>-</AdrLine>
                </PstlAdr>
              </Dbtr>
              <DbtrAcct>
                <Id>
                  <IBAN>SI56906720000040025</IBAN>
                </Id>
              </DbtrAcct>
              <Cdtr>
                <Nm>FREJA, D.O.O.</Nm>
                <PstlAdr>
                  <Ctry>SI</Ctry>
                  <AdrLine>GOLOUHOVA ULICA 28</AdrLine>
                  <AdrLine>1000 LJUBLJANA</AdrLine>
                </PstlAdr>
              </Cdtr>
              <CdtrAcct>
                <Id>
                  <IBAN>SI56290000050690990</IBAN>
                </Id>
              </CdtrAcct>
            </RltdPties>
            <RltdAgts>
              <DbtrAgt>
                <FinInstnId>
                  <BIC>PBSLSI22</BIC>
                </FinInstnId>
              </DbtrAgt>
              <CdtrAgt>
                <FinInstnId>
                  <BIC>BACXSI22</BIC>
                </FinInstnId>
              </CdtrAgt>
            </RltdAgts>
            <Purp>
              <Cd>OTHR</Cd>
            </Purp>
            <RmtInf>
              <Strd>
                <CdtrRefInf>
                  <Ref>12438</Ref>
                </CdtrRefInf>
                <AddtlRmtInf>DRUGO</AddtlRmtInf>
              </Strd>
            </RmtInf>
            <RltdDts>
              <IntrBkSttlmDt>2016-09-12</IntrBkSttlmDt>
            </RltdDts>
          </TxDtls>
        </NtryDtls>
      </Ntry>
      <Ntry>
        <Amt Ccy="EUR">26.2</Amt>
        <CdtDbtInd>CRDT</CdtDbtInd>
        <Sts>BOOK</Sts>
        <BookgDt>
          <Dt>2016-09-12</Dt>
        </BookgDt>
        <ValDt>
          <Dt>2016-09-12</Dt>
        </ValDt>
        <AcctSvcrRef>10001QC2PSS243SE</AcctSvcrRef>
        <BkTxCd>
          <Prtry>
            <Cd>NOTPROVIDED</Cd>
          </Prtry>
        </BkTxCd>
        <NtryDtls>
          <TxDtls>
            <Refs>
              <EndToEndId>12499</EndToEndId>
              <TxId>12499</TxId>
            </Refs>
            <RltdPties>
              <Dbtr>
                <Nm>Kristina Lokar</Nm>
                <PstlAdr>
                  <Ctry>SI</Ctry>
                  <AdrLine>SLOMSKOV TRG 010 2000 MARIBOR</AdrLine>
                  <AdrLine>-</AdrLine>
                </PstlAdr>
              </Dbtr>
              <DbtrAcct>
                <Id>
                  <IBAN>SI56906720000040025</IBAN>
                </Id>
              </DbtrAcct>
              <Cdtr>
                <Nm>FREJA, D.O.O.</Nm>
                <PstlAdr>
                  <Ctry>SI</Ctry>
                  <AdrLine>GOLOUHOVA ULICA 28</AdrLine>
                  <AdrLine>1000 LJUBLJANA</AdrLine>
                </PstlAdr>
              </Cdtr>
              <CdtrAcct>
                <Id>
                  <IBAN>SI56290000050690990</IBAN>
                </Id>
              </CdtrAcct>
            </RltdPties>
            <RltdAgts>
              <DbtrAgt>
                <FinInstnId>
                  <BIC>PBSLSI22</BIC>
                </FinInstnId>
              </DbtrAgt>
              <CdtrAgt>
                <FinInstnId>
                  <BIC>BACXSI22</BIC>
                </FinInstnId>
              </CdtrAgt>
            </RltdAgts>
            <Purp>
              <Cd>OTHR</Cd>
            </Purp>
            <RmtInf>
              <Strd>
                <CdtrRefInf>
                  <Ref>12499</Ref>
                </CdtrRefInf>
                <AddtlRmtInf>DRUGO</AddtlRmtInf>
              </Strd>
            </RmtInf>
            <RltdDts>
              <IntrBkSttlmDt>2016-09-12</IntrBkSttlmDt>
            </RltdDts>
          </TxDtls>
        </NtryDtls>
      </Ntry>
      <Ntry>
        <Amt Ccy="EUR">32.85</Amt>
        <CdtDbtInd>CRDT</CdtDbtInd>
        <Sts>BOOK</Sts>
        <BookgDt>
          <Dt>2016-09-12</Dt>
        </BookgDt>
        <ValDt>
          <Dt>2016-09-12</Dt>
        </ValDt>
        <AcctSvcrRef>10001QC2PSS243SE</AcctSvcrRef>
        <BkTxCd>
          <Prtry>
            <Cd>NOTPROVIDED</Cd>
          </Prtry>
        </BkTxCd>
        <NtryDtls>
          <TxDtls>
            <Refs>
              <EndToEndId>12440</EndToEndId>
              <TxId>12440</TxId>
            </Refs>
            <RltdPties>
              <Dbtr>
                <Nm>Marta Siter</Nm>
                <PstlAdr>
                  <Ctry>SI</Ctry>
                  <AdrLine>SLOMSKOV TRG 010 2000 MARIBOR</AdrLine>
                  <AdrLine>-</AdrLine>
                </PstlAdr>
              </Dbtr>
              <DbtrAcct>
                <Id>
                  <IBAN>SI56906720000040025</IBAN>
                </Id>
              </DbtrAcct>
              <Cdtr>
                <Nm>FREJA, D.O.O.</Nm>
                <PstlAdr>
                  <Ctry>SI</Ctry>
                  <AdrLine>GOLOUHOVA ULICA 28</AdrLine>
                  <AdrLine>1000 LJUBLJANA</AdrLine>
                </PstlAdr>
              </Cdtr>
              <CdtrAcct>
                <Id>
                  <IBAN>SI56290000050690990</IBAN>
                </Id>
              </CdtrAcct>
            </RltdPties>
            <RltdAgts>
              <DbtrAgt>
                <FinInstnId>
                  <BIC>PBSLSI22</BIC>
                </FinInstnId>
              </DbtrAgt>
              <CdtrAgt>
                <FinInstnId>
                  <BIC>BACXSI22</BIC>
                </FinInstnId>
              </CdtrAgt>
            </RltdAgts>
            <Purp>
              <Cd>OTHR</Cd>
            </Purp>
            <RmtInf>
              <Strd>
                <CdtrRefInf>
                  <Ref>12440</Ref>
                </CdtrRefInf>
                <AddtlRmtInf>DRUGO</AddtlRmtInf>
              </Strd>
            </RmtInf>
            <RltdDts>
              <IntrBkSttlmDt>2016-09-12</IntrBkSttlmDt>
            </RltdDts>
          </TxDtls>
        </NtryDtls>
      </Ntry>
      <Ntry>
        <Amt Ccy="EUR">32.92</Amt>
        <CdtDbtInd>CRDT</CdtDbtInd>
        <Sts>BOOK</Sts>
        <BookgDt>
          <Dt>2016-09-12</Dt>
        </BookgDt>
        <ValDt>
          <Dt>2016-09-12</Dt>
        </ValDt>
        <AcctSvcrRef>10001QC2PSS243SE</AcctSvcrRef>
        <BkTxCd>
          <Prtry>
            <Cd>NOTPROVIDED</Cd>
          </Prtry>
        </BkTxCd>
        <NtryDtls>
          <TxDtls>
            <Refs>
              <EndToEndId>12457</EndToEndId>
              <TxId>12457</TxId>
            </Refs>
            <RltdPties>
              <Dbtr>
                <Nm>Barbara Mejač</Nm>
                <PstlAdr>
                  <Ctry>SI</Ctry>
                  <AdrLine>SLOMSKOV TRG 010 2000 MARIBOR</AdrLine>
                  <AdrLine>-</AdrLine>
                </PstlAdr>
              </Dbtr>
              <DbtrAcct>
                <Id>
                  <IBAN>SI56906720000040025</IBAN>
                </Id>
              </DbtrAcct>
              <Cdtr>
                <Nm>FREJA, D.O.O.</Nm>
                <PstlAdr>
                  <Ctry>SI</Ctry>
                  <AdrLine>GOLOUHOVA ULICA 28</AdrLine>
                  <AdrLine>1000 LJUBLJANA</AdrLine>
                </PstlAdr>
              </Cdtr>
              <CdtrAcct>
                <Id>
                  <IBAN>SI56290000050690990</IBAN>
                </Id>
              </CdtrAcct>
            </RltdPties>
            <RltdAgts>
              <DbtrAgt>
                <FinInstnId>
                  <BIC>PBSLSI22</BIC>
                </FinInstnId>
              </DbtrAgt>
              <CdtrAgt>
                <FinInstnId>
                  <BIC>BACXSI22</BIC>
                </FinInstnId>
              </CdtrAgt>
            </RltdAgts>
            <Purp>
              <Cd>OTHR</Cd>
            </Purp>
            <RmtInf>
              <Strd>
                <CdtrRefInf>
                  <Ref>12457</Ref>
                </CdtrRefInf>
                <AddtlRmtInf>DRUGO</AddtlRmtInf>
              </Strd>
            </RmtInf>
            <RltdDts>
              <IntrBkSttlmDt>2016-09-12</IntrBkSttlmDt>
            </RltdDts>
          </TxDtls>
        </NtryDtls>
      </Ntry>
      <Ntry>
        <Amt Ccy="EUR">38.45</Amt>
        <CdtDbtInd>CRDT</CdtDbtInd>
        <Sts>BOOK</Sts>
        <BookgDt>
          <Dt>2016-09-12</Dt>
        </BookgDt>
        <ValDt>
          <Dt>2016-09-12</Dt>
        </ValDt>
        <AcctSvcrRef>10001QC2PSS243SE</AcctSvcrRef>
        <BkTxCd>
          <Prtry>
            <Cd>NOTPROVIDED</Cd>
          </Prtry>
        </BkTxCd>
        <NtryDtls>
          <TxDtls>
            <Refs>
              <EndToEndId>12559</EndToEndId>
              <TxId>12559</TxId>
            </Refs>
            <RltdPties>
              <Dbtr>
                <Nm>Alenka Močilnik s.p.</Nm>
                <PstlAdr>
                  <Ctry>SI</Ctry>
                  <AdrLine>SLOMSKOV TRG 010 2000 MARIBOR</AdrLine>
                  <AdrLine>-</AdrLine>
                </PstlAdr>
              </Dbtr>
              <DbtrAcct>
                <Id>
                  <IBAN>SI56906720000040025</IBAN>
                </Id>
              </DbtrAcct>
              <Cdtr>
                <Nm>FREJA, D.O.O.</Nm>
                <PstlAdr>
                  <Ctry>SI</Ctry>
                  <AdrLine>GOLOUHOVA ULICA 28</AdrLine>
                  <AdrLine>1000 LJUBLJANA</AdrLine>
                </PstlAdr>
              </Cdtr>
              <CdtrAcct>
                <Id>
                  <IBAN>SI56290000050690990</IBAN>
                </Id>
              </CdtrAcct>
            </RltdPties>
            <RltdAgts>
              <DbtrAgt>
                <FinInstnId>
                  <BIC>PBSLSI22</BIC>
                </FinInstnId>
              </DbtrAgt>
              <CdtrAgt>
                <FinInstnId>
                  <BIC>BACXSI22</BIC>
                </FinInstnId>
              </CdtrAgt>
            </RltdAgts>
            <Purp>
              <Cd>OTHR</Cd>
            </Purp>
            <RmtInf>
              <Strd>
                <CdtrRefInf>
                  <Ref>12559</Ref>
                </CdtrRefInf>
                <AddtlRmtInf>DRUGO</AddtlRmtInf>
              </Strd>
            </RmtInf>
            <RltdDts>
              <IntrBkSttlmDt>2016-09-12</IntrBkSttlmDt>
            </RltdDts>
          </TxDtls>
        </NtryDtls>
      </Ntry>
      <Ntry>
        <Amt Ccy="EUR">48.98</Amt>
        <CdtDbtInd>CRDT</CdtDbtInd>
        <Sts>BOOK</Sts>
        <BookgDt>
          <Dt>2016-09-12</Dt>
        </BookgDt>
        <ValDt>
          <Dt>2016-09-12</Dt>
        </ValDt>
        <AcctSvcrRef>10001QC2PSS243SE</AcctSvcrRef>
        <BkTxCd>
          <Prtry>
            <Cd>NOTPROVIDED</Cd>
          </Prtry>
        </BkTxCd>
        <NtryDtls>
          <TxDtls>
            <Refs>
              <EndToEndId>12565</EndToEndId>
              <TxId>12565</TxId>
            </Refs>
            <RltdPties>
              <Dbtr>
                <Nm>Kozmetični salon Jana</Nm>
                <PstlAdr>
                  <Ctry>SI</Ctry>
                  <AdrLine>SLOMSKOV TRG 010 2000 MARIBOR</AdrLine>
                  <AdrLine>-</AdrLine>
                </PstlAdr>
              </Dbtr>
              <DbtrAcct>
                <Id>
                  <IBAN>SI56906720000040025</IBAN>
                </Id>
              </DbtrAcct>
              <Cdtr>
                <Nm>FREJA, D.O.O.</Nm>
                <PstlAdr>
                  <Ctry>SI</Ctry>
                  <AdrLine>GOLOUHOVA ULICA 28</AdrLine>
                  <AdrLine>1000 LJUBLJANA</AdrLine>
                </PstlAdr>
              </Cdtr>
              <CdtrAcct>
                <Id>
                  <IBAN>SI56290000050690990</IBAN>
                </Id>
              </CdtrAcct>
            </RltdPties>
            <RltdAgts>
              <DbtrAgt>
                <FinInstnId>
                  <BIC>PBSLSI22</BIC>
                </FinInstnId>
              </DbtrAgt>
              <CdtrAgt>
                <FinInstnId>
                  <BIC>BACXSI22</BIC>
                </FinInstnId>
              </CdtrAgt>
            </RltdAgts>
            <Purp>
              <Cd>OTHR</Cd>
            </Purp>
            <RmtInf>
              <Strd>
                <CdtrRefInf>
                  <Ref>12565</Ref>
                </CdtrRefInf>
                <AddtlRmtInf>DRUGO</AddtlRmtInf>
              </Strd>
            </RmtInf>
            <RltdDts>
              <IntrBkSttlmDt>2016-09-12</IntrBkSttlmDt>
            </RltdDts>
          </TxDtls>
        </NtryDtls>
      </Ntry>
      <Ntry>
        <Amt Ccy="EUR">18.76</Amt>
        <CdtDbtInd>CRDT</CdtDbtInd>
        <Sts>BOOK</Sts>
        <BookgDt>
          <Dt>2016-09-12</Dt>
        </BookgDt>
        <ValDt>
          <Dt>2016-09-12</Dt>
        </ValDt>
        <AcctSvcrRef>10001QC2PSS243SE</AcctSvcrRef>
        <BkTxCd>
          <Prtry>
            <Cd>NOTPROVIDED</Cd>
          </Prtry>
        </BkTxCd>
        <NtryDtls>
          <TxDtls>
            <Refs>
              <EndToEndId>12613</EndToEndId>
              <TxId>12613</TxId>
            </Refs>
            <RltdPties>
              <Dbtr>
                <Nm>Nina Derlink</Nm>
                <PstlAdr>
                  <Ctry>SI</Ctry>
                  <AdrLine>SLOMSKOV TRG 010 2000 MARIBOR</AdrLine>
                  <AdrLine>-</AdrLine>
                </PstlAdr>
              </Dbtr>
              <DbtrAcct>
                <Id>
                  <IBAN>SI56906720000040025</IBAN>
                </Id>
              </DbtrAcct>
              <Cdtr>
                <Nm>FREJA, D.O.O.</Nm>
                <PstlAdr>
                  <Ctry>SI</Ctry>
                  <AdrLine>GOLOUHOVA ULICA 28</AdrLine>
                  <AdrLine>1000 LJUBLJANA</AdrLine>
                </PstlAdr>
              </Cdtr>
              <CdtrAcct>
                <Id>
                  <IBAN>SI56290000050690990</IBAN>
                </Id>
              </CdtrAcct>
            </RltdPties>
            <RltdAgts>
              <DbtrAgt>
                <FinInstnId>
                  <BIC>PBSLSI22</BIC>
                </FinInstnId>
              </DbtrAgt>
              <CdtrAgt>
                <FinInstnId>
                  <BIC>BACXSI22</BIC>
                </FinInstnId>
              </CdtrAgt>
            </RltdAgts>
            <Purp>
              <Cd>OTHR</Cd>
            </Purp>
            <RmtInf>
              <Strd>
                <CdtrRefInf>
                  <Ref>12613</Ref>
                </CdtrRefInf>
                <AddtlRmtInf>DRUGO</AddtlRmtInf>
              </Strd>
            </RmtInf>
            <RltdDts>
              <IntrBkSttlmDt>2016-09-12</IntrBkSttlmDt>
            </RltdDts>
          </TxDtls>
        </NtryDtls>
      </Ntry>
      <Ntry>
        <Amt Ccy="EUR">45.01</Amt>
        <CdtDbtInd>CRDT</CdtDbtInd>
        <Sts>BOOK</Sts>
        <BookgDt>
          <Dt>2016-09-12</Dt>
        </BookgDt>
        <ValDt>
          <Dt>2016-09-12</Dt>
        </ValDt>
        <AcctSvcrRef>10001QC2PSS243SE</AcctSvcrRef>
        <BkTxCd>
          <Prtry>
            <Cd>NOTPROVIDED</Cd>
          </Prtry>
        </BkTxCd>
        <NtryDtls>
          <TxDtls>
            <Refs>
              <EndToEndId>12682</EndToEndId>
              <TxId>12682</TxId>
            </Refs>
            <RltdPties>
              <Dbtr>
                <Nm>Romana Cvetko Petrovič</Nm>
                <PstlAdr>
                  <Ctry>SI</Ctry>
                  <AdrLine>SLOMSKOV TRG 010 2000 MARIBOR</AdrLine>
                  <AdrLine>-</AdrLine>
                </PstlAdr>
              </Dbtr>
              <DbtrAcct>
                <Id>
                  <IBAN>SI56906720000040025</IBAN>
                </Id>
              </DbtrAcct>
              <Cdtr>
                <Nm>FREJA, D.O.O.</Nm>
                <PstlAdr>
                  <Ctry>SI</Ctry>
                  <AdrLine>GOLOUHOVA ULICA 28</AdrLine>
                  <AdrLine>1000 LJUBLJANA</AdrLine>
                </PstlAdr>
              </Cdtr>
              <CdtrAcct>
                <Id>
                  <IBAN>SI56290000050690990</IBAN>
                </Id>
              </CdtrAcct>
            </RltdPties>
            <RltdAgts>
              <DbtrAgt>
                <FinInstnId>
                  <BIC>PBSLSI22</BIC>
                </FinInstnId>
              </DbtrAgt>
              <CdtrAgt>
                <FinInstnId>
                  <BIC>BACXSI22</BIC>
                </FinInstnId>
              </CdtrAgt>
            </RltdAgts>
            <Purp>
              <Cd>OTHR</Cd>
            </Purp>
            <RmtInf>
              <Strd>
                <CdtrRefInf>
                  <Ref>12682</Ref>
                </CdtrRefInf>
                <AddtlRmtInf>DRUGO</AddtlRmtInf>
              </Strd>
            </RmtInf>
            <RltdDts>
              <IntrBkSttlmDt>2016-09-12</IntrBkSttlmDt>
            </RltdDts>
          </TxDtls>
        </NtryDtls>
      </Ntry>
    </Stmt>
  </BkToCstmrStmt>
</Document>