<?xml version="1.0" encoding="UTF-8" standalone="yes" ?>
<Document xmlns="urn:iso:std:iso:20022:tech:xsd:camt.053.001.02" xmlns:xsi="http://www.w3.org/2001/XMLSchema-instance" xsi:schemaLocation="urn:iso:std:iso:20022:tech:xsd:camt.053.001.02 ./camt.053.001.02.xsd">

  <BkToCstmrStmt>
    <GrpHdr>
      <MsgId>2016-10-03T08:58:05/440</MsgId>
      <CreDtTm>2016-10-03T08:58:05</CreDtTm>
    </GrpHdr> <Stmt>
<Id>10001QC2PM3964UJ</Id>
<LglSeqNb>152</LglSeqNb>
<CreDtTm>2016-08-08T00:00:00</CreDtTm>
<Acct>
<Id>
<IBAN>SI56290000050690990</IBAN>
</Id>
<Ownr>
<Nm>FREJA, D.O.O.</Nm>
<PstlAdr>
<Ctry>SI</Ctry>
<AdrLine>GOLOUHOVA ULICA 28</AdrLine>
<AdrLine>1000 LJUBLJANA</AdrLine>
</PstlAdr>
</Ownr>
</Acct>
<Bal>
<Tp>
<CdOrPrtry>
<Cd>OPBD</Cd>
</CdOrPrtry>
</Tp>
<Amt Ccy="EUR">530.30</Amt>
<CdtDbtInd>CRDT</CdtDbtInd>
<Dt>
<Dt>2016-08-05</Dt>
</Dt>
</Bal>
<Bal>
<Tp>
<CdOrPrtry>
<Cd>CLBD</Cd>
</CdOrPrtry>
</Tp>
<Amt Ccy="EUR">5360.91</Amt>
<CdtDbtInd>CRDT</CdtDbtInd>
<Dt>
<Dt>2016-08-08</Dt>
</Dt>
</Bal>
<TxsSummry>
<TtlCdtNtries>
<NbOfNtries>6</NbOfNtries>
<Sum>4916.60</Sum>
</TtlCdtNtries>
<TtlDbtNtries>
<NbOfNtries>1</NbOfNtries>
<Sum>85.99</Sum>
</TtlDbtNtries>
</TxsSummry>

<Ntry>

  <Amt Ccy="EUR">85.99</Amt>

  <CdtDbtInd>DBIT</CdtDbtInd>

  <Sts>BOOK</Sts>

  <BookgDt>
    <Dt>2016-08-08</Dt>
  </BookgDt>

  <ValDt>
    <Dt>2016-08-06</Dt>
  </ValDt>

  <AcctSvcrRef>10001QC2PM0CJ6Q8</AcctSvcrRef>

  <BkTxCd>
    <Prtry>
      <Cd>NOTPROVIDED</Cd>
    </Prtry>
  </BkTxCd>

  <NtryDtls>
    <TxDtls>
      <Refs>
        <EndToEndId>NOTPROVIDED</EndToEndId>
        <TxId>20160808001911//CLT2-1616390251/374</TxId>
      </Refs>
      <RltdPties>
        <Dbtr>
          <Nm>FREJA, D.O.O.</Nm>
          <PstlAdr>
            <Ctry>SI</Ctry>
            <AdrLine>GOLOUHOVA ULICA 28</AdrLine>
            <AdrLine>1000 LJUBLJANA</AdrLine>
          </PstlAdr>
        </Dbtr>
        <DbtrAcct>
          <Id>
            <IBAN>SI56290000050690990</IBAN>
          </Id>
        </DbtrAcct>
        <Cdtr>
          <Nm>LIDL 271 PE LJ RUDNIK LJUBLJANA-SI</Nm>
          <PstlAdr>
            <Ctry>SI</Ctry>
            <AdrLine>-</AdrLine>
            <AdrLine>-</AdrLine>
          </PstlAdr>
        </Cdtr>
        <CdtrAcct>
          <Id>
            <Othr>
              <Id>-</Id>
            </Othr>
          </Id>
        </CdtrAcct>
      </RltdPties>
      <RltdAgts>
        <DbtrAgt>
          <FinInstnId>
            <BIC>BACXSI22</BIC>
          </FinInstnId>
        </DbtrAgt>
        <CdtrAgt>
          <FinInstnId>
            <BIC>BACXSI22</BIC>
          </FinInstnId>
        </CdtrAgt>
      </RltdAgts>
      <RmtInf>
        <Ustrd>POS nakup /Card 6771-XXXX-XXXX-XXXX-366 /85,99 EUR 05/08/16</Ustrd>
      </RmtInf>
      <RltdDts>
        <IntrBkSttlmDt>2016-08-08</IntrBkSttlmDt>
      </RltdDts>
    </TxDtls>
  </NtryDtls>

</Ntry>
<Ntry>

  <Amt Ccy="EUR">417.26</Amt>

  <CdtDbtInd>CRDT</CdtDbtInd>

  <Sts>BOOK</Sts>

  <BookgDt>
    <Dt>2016-08-08</Dt>
  </BookgDt>

  <ValDt>
    <Dt>2016-08-08</Dt>
  </ValDt>

  <AcctSvcrRef>10001QC2PM0M4UPG</AcctSvcrRef>

  <BkTxCd>
    <Prtry>
      <Cd>NOTPROVIDED</Cd>
    </Prtry>
  </BkTxCd>

  <NtryDtls>
    <TxDtls>
      <Refs>
        <EndToEndId>notprovided</EndToEndId>
        <TxId>20160808610083//00125489164/540</TxId>
      </Refs>
      <RltdPties>
        <Dbtr>
          <Nm>MITJA CUFER S.P. </Nm>
          <PstlAdr>
            <Ctry>SI</Ctry>
            <AdrLine>CESTA 1. MAJA 26 B JESENICE</AdrLine>
            <AdrLine>-</AdrLine>
          </PstlAdr>
        </Dbtr>
        <DbtrAcct>
          <Id>
            <IBAN>SI56610000003818267</IBAN>
          </Id>
        </DbtrAcct>
        <Cdtr>
          <Nm>FREJA, D.O.O.</Nm>
          <PstlAdr>
            <Ctry>SI</Ctry>
            <AdrLine>GOLOUHOVA ULICA 28</AdrLine>
            <AdrLine>1000 LJUBLJANA</AdrLine>
          </PstlAdr>
        </Cdtr>
        <CdtrAcct>
          <Id>
            <IBAN>SI56290000050690990</IBAN>
          </Id>
        </CdtrAcct>
      </RltdPties>
      <RltdAgts>
        <DbtrAgt>
          <FinInstnId>
            <BIC>HDELSI22</BIC>
          </FinInstnId>
        </DbtrAgt>
        <CdtrAgt>
          <FinInstnId>
            <BIC>BACXSI22</BIC>
          </FinInstnId>
        </CdtrAgt>
      </RltdAgts>
      <Purp>
        <Cd>OTHR</Cd>
      </Purp>
      <RmtInf>
        <Strd>
          <CdtrRefInf>
            <Ref>SI99</Ref>
          </CdtrRefInf>
          <AddtlRmtInf>00102-0</AddtlRmtInf>
        </Strd>
      </RmtInf>
      <RltdDts>
        <IntrBkSttlmDt>2016-08-08</IntrBkSttlmDt>
      </RltdDts>
    </TxDtls>
  </NtryDtls>

</Ntry>
<Ntry>

  <Amt Ccy="EUR">31.50</Amt>

  <CdtDbtInd>CRDT</CdtDbtInd>

  <Sts>BOOK</Sts>

  <BookgDt>
    <Dt>2016-08-08</Dt>
  </BookgDt>

  <ValDt>
    <Dt>2016-08-08</Dt>
  </ValDt>

  <AcctSvcrRef>10001QC2PM0M4UPQ</AcctSvcrRef>

  <BkTxCd>
    <Prtry>
      <Cd>NOTPROVIDED</Cd>
    </Prtry>
  </BkTxCd>

  <NtryDtls>
    <TxDtls>
      <Refs>
        <EndToEndId>NOTPROVIDED</EndToEndId>
        <TxId>20160808610083//00125497361/540</TxId>
      </Refs>
      <RltdPties>
        <Dbtr>
          <Nm>KRZAN IRENA </Nm>
          <PstlAdr>
            <Ctry>SI</Ctry>
            <AdrLine>ILESICEVA ULICA 21 LJUBLJANA - CRNUCE</AdrLine>
            <AdrLine>-</AdrLine>
          </PstlAdr>
        </Dbtr>
        <DbtrAcct>
          <Id>
            <IBAN>SI56020102755172155</IBAN>
          </Id>
        </DbtrAcct>
        <Cdtr>
          <Nm>FREJA, D.O.O.</Nm>
          <PstlAdr>
            <Ctry>SI</Ctry>
            <AdrLine>GOLOUHOVA ULICA 28</AdrLine>
            <AdrLine>1000 LJUBLJANA</AdrLine>
          </PstlAdr>
        </Cdtr>
        <CdtrAcct>
          <Id>
            <IBAN>SI56290000050690990</IBAN>
          </Id>
        </CdtrAcct>
      </RltdPties>
      <RltdAgts>
        <DbtrAgt>
          <FinInstnId>
            <BIC>LJBASI2X</BIC>
          </FinInstnId>
        </DbtrAgt>
        <CdtrAgt>
          <FinInstnId>
            <BIC>BACXSI22</BIC>
          </FinInstnId>
        </CdtrAgt>
      </RltdAgts>
      <Purp>
        <Cd>OTHR</Cd>
      </Purp>
      <RmtInf>
        <Strd>
          <CdtrRefInf>
            <Ref>SI002818</Ref>
          </CdtrRefInf>
          <AddtlRmtInf>DRUGO</AddtlRmtInf>
        </Strd>
      </RmtInf>
      <RltdDts>
        <IntrBkSttlmDt>2016-08-08</IntrBkSttlmDt>
      </RltdDts>
    </TxDtls>
  </NtryDtls>

</Ntry>
<Ntry>

  <Amt Ccy="EUR">11.44</Amt>

  <CdtDbtInd>CRDT</CdtDbtInd>

  <Sts>BOOK</Sts>

  <BookgDt>
    <Dt>2016-08-08</Dt>
  </BookgDt>

  <ValDt>
    <Dt>2016-08-08</Dt>
  </ValDt>

  <AcctSvcrRef>10001QC2PM1FC9RS</AcctSvcrRef>

  <BkTxCd>
    <Prtry>
      <Cd>NOTPROVIDED</Cd>
    </Prtry>
  </BkTxCd>

  <NtryDtls>
    <TxDtls>
      <Refs>
        <EndToEndId>1-S3-16010854</EndToEndId>
        <TxId>1-S3-16010854</TxId>
      </Refs>
      <RltdPties>
        <Dbtr>
          <Nm>Anja DolinĹˇek </Nm>
          <PstlAdr>
            <Ctry>SI</Ctry>
            <AdrLine>SLOMSKOV TRG 010 2000 MARIBOR</AdrLine>
            <AdrLine>-</AdrLine>
          </PstlAdr>
        </Dbtr>
        <DbtrAcct>
          <Id>
            <IBAN>SI56906720000040025</IBAN>
          </Id>
        </DbtrAcct>
        <Cdtr>
          <Nm>FREJA, D.O.O.</Nm>
          <PstlAdr>
            <Ctry>SI</Ctry>
            <AdrLine>GOLOUHOVA ULICA 28</AdrLine>
            <AdrLine>1000 LJUBLJANA</AdrLine>
          </PstlAdr>
        </Cdtr>
        <CdtrAcct>
          <Id>
            <IBAN>SI56290000050690990</IBAN>
          </Id>
        </CdtrAcct>
      </RltdPties>
      <RltdAgts>
        <DbtrAgt>
          <FinInstnId>
            <BIC>PBSLSI22</BIC>
          </FinInstnId>
        </DbtrAgt>
        <CdtrAgt>
          <FinInstnId>
            <BIC>BACXSI22</BIC>
          </FinInstnId>
        </CdtrAgt>
      </RltdAgts>
      <Purp>
        <Cd>OTHR</Cd>
      </Purp>
      <RmtInf>
        <Strd>
          <CdtrRefInf>
            <Ref>1-S3-16010854</Ref>
          </CdtrRefInf>
          <AddtlRmtInf>DRUGO</AddtlRmtInf>
        </Strd>
      </RmtInf>
      <RltdDts>
        <IntrBkSttlmDt>2016-08-08</IntrBkSttlmDt>
      </RltdDts>
    </TxDtls>
  </NtryDtls>

</Ntry>
<Ntry>

  <Amt Ccy="EUR">20.37</Amt>

  <CdtDbtInd>CRDT</CdtDbtInd>

  <Sts>BOOK</Sts>

  <BookgDt>
    <Dt>2016-08-08</Dt>
  </BookgDt>

  <ValDt>
    <Dt>2016-08-08</Dt>
  </ValDt>

  <AcctSvcrRef>10001QC2PM1VVS76</AcctSvcrRef>

  <BkTxCd>
    <Prtry>
      <Cd>NOTPROVIDED</Cd>
    </Prtry>
  </BkTxCd>

  <NtryDtls>
    <TxDtls>
      <Refs>
        <EndToEndId>NOTPROVIDED</EndToEndId>
        <TxId>20160808610121//00125530888/540</TxId>
      </Refs>
      <RltdPties>
        <Dbtr>
          <Nm>JEROVSEK PATRICIJA </Nm>
          <PstlAdr>
            <Ctry>SI</Ctry>
            <AdrLine>ZAGRADEC PRI GROSUPLJEM 29 1290 GROSUPLJE</AdrLine>
            <AdrLine>-</AdrLine>
          </PstlAdr>
        </Dbtr>
        <DbtrAcct>
          <Id>
            <IBAN>SI56031081000373318</IBAN>
          </Id>
        </DbtrAcct>
        <Cdtr>
          <Nm>FREJA, D.O.O.</Nm>
          <PstlAdr>
            <Ctry>SI</Ctry>
            <AdrLine>GOLOUHOVA ULICA 28</AdrLine>
            <AdrLine>1000 LJUBLJANA</AdrLine>
          </PstlAdr>
        </Cdtr>
        <CdtrAcct>
          <Id>
            <IBAN>SI56290000050690990</IBAN>
          </Id>
        </CdtrAcct>
      </RltdPties>
      <RltdAgts>
        <DbtrAgt>
          <FinInstnId>
            <BIC>SKBASI2X</BIC>
          </FinInstnId>
        </DbtrAgt>
        <CdtrAgt>
          <FinInstnId>
            <BIC>BACXSI22</BIC>
          </FinInstnId>
        </CdtrAgt>
      </RltdAgts>
      <Purp>
        <Cd>WEBI</Cd>
      </Purp>
      <RmtInf>
        <Strd>
          <CdtrRefInf>
            <Ref>SI00201615263</Ref>
          </CdtrRefInf>
          <AddtlRmtInf>INTERNETNO INICIIRANA TRANSAKCIJA</AddtlRmtInf>
        </Strd>
      </RmtInf>
      <RltdDts>
        <IntrBkSttlmDt>2016-08-08</IntrBkSttlmDt>
      </RltdDts>
    </TxDtls>
  </NtryDtls>

</Ntry>
<Ntry>

  <Amt Ccy="EUR">416.58</Amt>

  <CdtDbtInd>CRDT</CdtDbtInd>

  <Sts>BOOK</Sts>

  <BookgDt>
    <Dt>2016-08-08</Dt>
  </BookgDt>

  <ValDt>
    <Dt>2016-08-08</Dt>
  </ValDt>

  <AcctSvcrRef>10001QC2PM26RGX4</AcctSvcrRef>

  <BkTxCd>
    <Prtry>
      <Cd>NOTPROVIDED</Cd>
    </Prtry>
  </BkTxCd>

  <NtryDtls>
    <TxDtls>
      <Refs>
        <EndToEndId>RE201608060016380-301569790</EndToEndId>
        <TxId>20160808516269//6221903310/100</TxId>
      </Refs>
      <RltdPties>
        <Dbtr>
          <Nm>SIX PAYMENT SERVICES (AUT), ATU1535 5906</Nm>
          <PstlAdr>
            <Ctry>AT</Ctry>
            <AdrLine>1030 MARXERGASSE 1B</AdrLine>
            <AdrLine>-</AdrLine>
          </PstlAdr>
        </Dbtr>
        <DbtrAcct>
          <Id>
            <IBAN>AT447603020000000009</IBAN>
          </Id>
        </DbtrAcct>
        <Cdtr>
          <Nm>FREJA, D.O.O.</Nm>
          <PstlAdr>
            <Ctry>SI</Ctry>
            <AdrLine>GOLOUHOVA ULICA 28</AdrLine>
            <AdrLine>1000 LJUBLJANA</AdrLine>
          </PstlAdr>
        </Cdtr>
        <CdtrAcct>
          <Id>
            <IBAN>SI56290000050690990</IBAN>
          </Id>
        </CdtrAcct>
      </RltdPties>
      <RltdAgts>
        <DbtrAgt>
          <FinInstnId>
            <BIC>PLBKATWWXXX</BIC>
          </FinInstnId>
        </DbtrAgt>
        <CdtrAgt>
          <FinInstnId>
            <BIC>BACXSI22XXX</BIC>
          </FinInstnId>
        </CdtrAgt>
      </RltdAgts>
      <Purp>
        <Cd>GDSV</Cd>
      </Purp>
      <RmtInf>
        <Ustrd>RE201608060016380-301569790/BR+420,43/DI-3,85/DM0806+209,43/CV0806+211,00</Ustrd>
      </RmtInf>
      <RltdDts>
        <IntrBkSttlmDt>2016-08-08</IntrBkSttlmDt>
      </RltdDts>
    </TxDtls>
  </NtryDtls>

</Ntry>
<Ntry>

  <Amt Ccy="EUR">1971.66</Amt>

  <CdtDbtInd>CRDT</CdtDbtInd>

  <Sts>BOOK</Sts>

  <BookgDt>
    <Dt>2016-08-08</Dt>
  </BookgDt>

  <ValDt>
    <Dt>2016-08-08</Dt>
  </ValDt>

  <AcctSvcrRef>10001QC2PM26RGXA</AcctSvcrRef>

  <BkTxCd>
    <Prtry>
      <Cd>NOTPROVIDED</Cd>
    </Prtry>
  </BkTxCd>

  <NtryDtls>
    <TxDtls>
      <Refs>
        <EndToEndId>RE201608050023147-301569790</EndToEndId>
        <TxId>20160808516313//6221903333/100</TxId>
      </Refs>
      <RltdPties>
        <Dbtr>
          <Nm>SIX PAYMENT SERVICES (AUT), ATU1535 5906</Nm>
          <PstlAdr>
            <Ctry>AT</Ctry>
            <AdrLine>1030 MARXERGASSE 1B</AdrLine>
            <AdrLine>-</AdrLine>
          </PstlAdr>
        </Dbtr>
        <DbtrAcct>
          <Id>
            <IBAN>AT447603020000000009</IBAN>
          </Id>
        </DbtrAcct>
        <Cdtr>
          <Nm>FREJA, D.O.O.</Nm>
          <PstlAdr>
            <Ctry>SI</Ctry>
            <AdrLine>GOLOUHOVA ULICA 28</AdrLine>
            <AdrLine>1000 LJUBLJANA</AdrLine>
          </PstlAdr>
        </Cdtr>
        <CdtrAcct>
          <Id>
            <IBAN>SI56290000050690990</IBAN>
          </Id>
        </CdtrAcct>
      </RltdPties>
      <RltdAgts>
        <DbtrAgt>
          <FinInstnId>
            <BIC>PLBKATWWXXX</BIC>
          </FinInstnId>
        </DbtrAgt>
        <CdtrAgt>
          <FinInstnId>
            <BIC>BACXSI22XXX</BIC>
          </FinInstnId>
        </CdtrAgt>
      </RltdAgts>
      <Purp>
        <Cd>GDSV</Cd>
      </Purp>
      <RmtInf>
        <Ustrd>RE201608050023147-301569790/BR+1990,24/DI-18,58/DM0805+1531,73/CM0805+248,26/CV0805+210,25</Ustrd>
      </RmtInf>
      <RltdDts>
        <IntrBkSttlmDt>2016-08-08</IntrBkSttlmDt>
      </RltdDts>
    </TxDtls>
  </NtryDtls>

</Ntry></Stmt>

  </BkToCstmrStmt>

</Document>

