<?xml version="1.0" encoding="UTF-8" standalone="yes" ?>
<Document xmlns="urn:iso:std:iso:20022:tech:xsd:camt.053.001.02" xmlns:xsi="http://www.w3.org/2001/XMLSchema-instance" xsi:schemaLocation="urn:iso:std:iso:20022:tech:xsd:camt.053.001.02 ./camt.053.001.02.xsd">

  <BkToCstmrStmt>
    <GrpHdr>
      <MsgId>2016-11-22T14:18:05/13068</MsgId>
      <CreDtTm>2016-11-22T14:18:05</CreDtTm>
    </GrpHdr> <Stmt>
<Id>10001QC2Q0LHSLFX</Id>
<LglSeqNb>201</LglSeqNb>
<CreDtTm>2016-10-17T00:00:00</CreDtTm>
<Acct>
<Id>
<IBAN>SI56290000050690990</IBAN>
</Id>
<Ownr>
<Nm>FREJA, D.O.O.</Nm>
<PstlAdr>
<Ctry>SI</Ctry>
<AdrLine>GOLOUHOVA ULICA 28</AdrLine>
<AdrLine>1000 LJUBLJANA</AdrLine>
</PstlAdr>
</Ownr>
</Acct>
<Bal>
<Tp>
<CdOrPrtry>
<Cd>OPBD</Cd>
</CdOrPrtry>
</Tp>
<Amt Ccy="EUR">1821.39</Amt>
<CdtDbtInd>CRDT</CdtDbtInd>
<Dt>
<Dt>2016-10-14</Dt>
</Dt>
</Bal>
<Bal>
<Tp>
<CdOrPrtry>
<Cd>CLBD</Cd>
</CdOrPrtry>
</Tp>
<Amt Ccy="EUR">2846.00</Amt>
<CdtDbtInd>CRDT</CdtDbtInd>
<Dt>
<Dt>2016-10-17</Dt>
</Dt>
</Bal>
<TxsSummry>
<TtlCdtNtries>
<NbOfNtries>6</NbOfNtries>
<Sum>3424.61</Sum>
</TtlCdtNtries>
<TtlDbtNtries>
<NbOfNtries>1</NbOfNtries>
<Sum>2400.00</Sum>
</TtlDbtNtries>
</TxsSummry>

<Ntry>

  <Amt Ccy="EUR">22.44</Amt>

  <CdtDbtInd>CRDT</CdtDbtInd>

  <Sts>BOOK</Sts>

  <BookgDt>
    <Dt>2016-10-17</Dt>
  </BookgDt>

  <ValDt>
    <Dt>2016-10-17</Dt>
  </ValDt>

  <AcctSvcrRef>10001QC2Q0HU140U</AcctSvcrRef>

  <BkTxCd>
    <Prtry>
      <Cd>NOTPROVIDED</Cd>
    </Prtry>
  </BkTxCd>

  <NtryDtls>
    <TxDtls>
      <Refs>
        <EndToEndId>VOSKI</EndToEndId>
        <TxId>20161017610105//00128778516/540</TxId>
      </Refs>
      <RltdPties>
        <Dbtr>
          <Nm>MAJA UDOVIC </Nm>
          <PstlAdr>
            <Ctry>SI</Ctry>
            <AdrLine>V ZIDEH 22 1222 TROJANE</AdrLine>
            <AdrLine>-</AdrLine>
          </PstlAdr>
        </Dbtr>
        <DbtrAcct>
          <Id>
            <IBAN>SI56023023943424725</IBAN>
          </Id>
        </DbtrAcct>
        <Cdtr>
          <Nm>FREJA, D.O.O.</Nm>
          <PstlAdr>
            <Ctry>SI</Ctry>
            <AdrLine>GOLOUHOVA ULICA 28</AdrLine>
            <AdrLine>1000 LJUBLJANA</AdrLine>
          </PstlAdr>
        </Cdtr>
        <CdtrAcct>
          <Id>
            <IBAN>SI56290000050690990</IBAN>
          </Id>
        </CdtrAcct>
      </RltdPties>
      <RltdAgts>
        <DbtrAgt>
          <FinInstnId>
            <BIC>LJBASI2X</BIC>
          </FinInstnId>
        </DbtrAgt>
        <CdtrAgt>
          <FinInstnId>
            <BIC>BACXSI22</BIC>
          </FinInstnId>
        </CdtrAgt>
      </RltdAgts>
      <Purp>
        <Cd>WEBI</Cd>
      </Purp>
      <RmtInf>
        <Strd>
          <CdtrRefInf>
            <Ref>SI002016-15645</Ref>
          </CdtrRefInf>
          <AddtlRmtInf>INTERNETNO INICIIRANA TRANSAKCIJA</AddtlRmtInf>
        </Strd>
      </RmtInf>
      <RltdDts>
        <IntrBkSttlmDt>2016-10-17</IntrBkSttlmDt>
      </RltdDts>
    </TxDtls>
  </NtryDtls>

</Ntry>
<Ntry>

  <Amt Ccy="EUR">557.46</Amt>

  <CdtDbtInd>CRDT</CdtDbtInd>

  <Sts>BOOK</Sts>

  <BookgDt>
    <Dt>2016-10-17</Dt>
  </BookgDt>

  <ValDt>
    <Dt>2016-10-17</Dt>
  </ValDt>

  <AcctSvcrRef>10001QC2Q0JMBP5N</AcctSvcrRef>

  <BkTxCd>
    <Prtry>
      <Cd>NOTPROVIDED</Cd>
    </Prtry>
  </BkTxCd>

  <NtryDtls>
    <TxDtls>
      <Refs>
        <EndToEndId>SI00099-126256-903885</EndToEndId>
        <TxId>20161017610119//00128808667/540</TxId>
      </Refs>
      <RltdPties>
        <Dbtr>
          <Nm>POSTA SLOVENIJE D.O.O. </Nm>
          <PstlAdr>
            <Ctry>SI</Ctry>
            <AdrLine>SLOMSKOV TRG 010 2000 MARIBOR</AdrLine>
            <AdrLine>-</AdrLine>
          </PstlAdr>
        </Dbtr>
        <DbtrAcct>
          <Id>
            <IBAN>SI56906720000040025</IBAN>
          </Id>
        </DbtrAcct>
        <Cdtr>
          <Nm>FREJA, D.O.O.</Nm>
          <PstlAdr>
            <Ctry>SI</Ctry>
            <AdrLine>GOLOUHOVA ULICA 28</AdrLine>
            <AdrLine>1000 LJUBLJANA</AdrLine>
          </PstlAdr>
        </Cdtr>
        <CdtrAcct>
          <Id>
            <IBAN>SI56290000050690990</IBAN>
          </Id>
        </CdtrAcct>
      </RltdPties>
      <RltdAgts>
        <DbtrAgt>
          <FinInstnId>
            <BIC>PBSLSI22</BIC>
          </FinInstnId>
        </DbtrAgt>
        <CdtrAgt>
          <FinInstnId>
            <BIC>BACXSI22</BIC>
          </FinInstnId>
        </CdtrAgt>
      </RltdAgts>
      <Purp>
        <Cd>OTHR</Cd>
      </Purp>
      <RmtInf>
        <Strd>
          <CdtrRefInf>
            <Ref>SI00099-126256-903885</Ref>
          </CdtrRefInf>
          <AddtlRmtInf>DRUGO</AddtlRmtInf>
        </Strd>
      </RmtInf>
      <RltdDts>
        <IntrBkSttlmDt>2016-10-17</IntrBkSttlmDt>
      </RltdDts>
    </TxDtls>
  </NtryDtls>

</Ntry>
<Ntry>

  <Amt Ccy="EUR">47.38</Amt>

  <CdtDbtInd>CRDT</CdtDbtInd>

  <Sts>BOOK</Sts>

  <BookgDt>
    <Dt>2016-10-17</Dt>
  </BookgDt>

  <ValDt>
    <Dt>2016-10-17</Dt>
  </ValDt>

  <AcctSvcrRef>10001QC2Q0K2V1MJ</AcctSvcrRef>

  <BkTxCd>
    <Prtry>
      <Cd>NOTPROVIDED</Cd>
    </Prtry>
  </BkTxCd>

  <NtryDtls>
    <TxDtls>
      <Refs>
        <EndToEndId>ZATE.SI</EndToEndId>
        <TxId>20161017610132//00128834145/540</TxId>
      </Refs>
      <RltdPties>
        <Dbtr>
          <Nm>VANESA KNEZ </Nm>
          <PstlAdr>
            <Ctry>SI</Ctry>
            <AdrLine>OTISKI VRH 13 2373 SENTJANZ PRI DRAVOGRADU</AdrLine>
            <AdrLine>-</AdrLine>
          </PstlAdr>
        </Dbtr>
        <DbtrAcct>
          <Id>
            <IBAN>SI56024514176694276</IBAN>
          </Id>
        </DbtrAcct>
        <Cdtr>
          <Nm>FREJA, D.O.O.</Nm>
          <PstlAdr>
            <Ctry>SI</Ctry>
            <AdrLine>GOLOUHOVA ULICA 28</AdrLine>
            <AdrLine>1000 LJUBLJANA</AdrLine>
          </PstlAdr>
        </Cdtr>
        <CdtrAcct>
          <Id>
            <IBAN>SI56290000050690990</IBAN>
          </Id>
        </CdtrAcct>
      </RltdPties>
      <RltdAgts>
        <DbtrAgt>
          <FinInstnId>
            <BIC>LJBASI2X</BIC>
          </FinInstnId>
        </DbtrAgt>
        <CdtrAgt>
          <FinInstnId>
            <BIC>BACXSI22</BIC>
          </FinInstnId>
        </CdtrAgt>
      </RltdAgts>
      <Purp>
        <Cd>WEBI</Cd>
      </Purp>
      <RmtInf>
        <Strd>
          <CdtrRefInf>
            <Ref>SI002016-15654</Ref>
          </CdtrRefInf>
          <AddtlRmtInf>INTERNETNO INICIIRANA TRANSAKCIJA</AddtlRmtInf>
        </Strd>
      </RmtInf>
      <RltdDts>
        <IntrBkSttlmDt>2016-10-17</IntrBkSttlmDt>
      </RltdDts>
    </TxDtls>
  </NtryDtls>

</Ntry>
<Ntry>

  <Amt Ccy="EUR">1598.92</Amt>

  <CdtDbtInd>CRDT</CdtDbtInd>

  <Sts>BOOK</Sts>

  <BookgDt>
    <Dt>2016-10-17</Dt>
  </BookgDt>

  <ValDt>
    <Dt>2016-10-17</Dt>
  </ValDt>

  <AcctSvcrRef>10001QC2Q0KBQB8G</AcctSvcrRef>

  <BkTxCd>
    <Prtry>
      <Cd>NOTPROVIDED</Cd>
    </Prtry>
  </BkTxCd>

  <NtryDtls>
    <TxDtls>
      <Refs>
        <EndToEndId>RE201610140024268-301569790</EndToEndId>
        <TxId>20161017518670//6291903850/100</TxId>
      </Refs>
      <RltdPties>
        <Dbtr>
          <Nm>SIX PAYMENT SERVICES (AUT), ATU1535 5906</Nm>
          <PstlAdr>
            <Ctry>AT</Ctry>
            <AdrLine>1030 MARXERGASSE 1B</AdrLine>
            <AdrLine>-</AdrLine>
          </PstlAdr>
        </Dbtr>
        <DbtrAcct>
          <Id>
            <IBAN>AT447603020000000009</IBAN>
          </Id>
        </DbtrAcct>
        <Cdtr>
          <Nm>FREJA, D.O.O.</Nm>
          <PstlAdr>
            <Ctry>SI</Ctry>
            <AdrLine>GOLOUHOVA ULICA 28</AdrLine>
            <AdrLine>1000 LJUBLJANA</AdrLine>
          </PstlAdr>
        </Cdtr>
        <CdtrAcct>
          <Id>
            <IBAN>SI56290000050690990</IBAN>
          </Id>
        </CdtrAcct>
      </RltdPties>
      <RltdAgts>
        <DbtrAgt>
          <FinInstnId>
            <BIC>PLBKATWWXXX</BIC>
          </FinInstnId>
        </DbtrAgt>
        <CdtrAgt>
          <FinInstnId>
            <BIC>BACXSI22XXX</BIC>
          </FinInstnId>
        </CdtrAgt>
      </RltdAgts>
      <Purp>
        <Cd>GDSV</Cd>
      </Purp>
      <RmtInf>
        <Ustrd>RE201610140024268-301569790/BR+1614,67/DI-15,75/DM1014+867,14/CM1014+299,77/CV1014+447,76</Ustrd>
      </RmtInf>
      <RltdDts>
        <IntrBkSttlmDt>2016-10-17</IntrBkSttlmDt>
      </RltdDts>
    </TxDtls>
  </NtryDtls>

</Ntry>
<Ntry>

  <Amt Ccy="EUR">863.35</Amt>

  <CdtDbtInd>CRDT</CdtDbtInd>

  <Sts>BOOK</Sts>

  <BookgDt>
    <Dt>2016-10-17</Dt>
  </BookgDt>

  <ValDt>
    <Dt>2016-10-17</Dt>
  </ValDt>

  <AcctSvcrRef>10001QC2Q0KBQB8N</AcctSvcrRef>

  <BkTxCd>
    <Prtry>
      <Cd>NOTPROVIDED</Cd>
    </Prtry>
  </BkTxCd>

  <NtryDtls>
    <TxDtls>
      <Refs>
        <EndToEndId>RE201610150018112-301569790</EndToEndId>
        <TxId>20161017518697//6291903855/100</TxId>
      </Refs>
      <RltdPties>
        <Dbtr>
          <Nm>SIX PAYMENT SERVICES (AUT), ATU1535 5906</Nm>
          <PstlAdr>
            <Ctry>AT</Ctry>
            <AdrLine>1030 MARXERGASSE 1B</AdrLine>
            <AdrLine>-</AdrLine>
          </PstlAdr>
        </Dbtr>
        <DbtrAcct>
          <Id>
            <IBAN>AT447603020000000009</IBAN>
          </Id>
        </DbtrAcct>
        <Cdtr>
          <Nm>FREJA, D.O.O.</Nm>
          <PstlAdr>
            <Ctry>SI</Ctry>
            <AdrLine>GOLOUHOVA ULICA 28</AdrLine>
            <AdrLine>1000 LJUBLJANA</AdrLine>
          </PstlAdr>
        </Cdtr>
        <CdtrAcct>
          <Id>
            <IBAN>SI56290000050690990</IBAN>
          </Id>
        </CdtrAcct>
      </RltdPties>
      <RltdAgts>
        <DbtrAgt>
          <FinInstnId>
            <BIC>PLBKATWWXXX</BIC>
          </FinInstnId>
        </DbtrAgt>
        <CdtrAgt>
          <FinInstnId>
            <BIC>BACXSI22XXX</BIC>
          </FinInstnId>
        </CdtrAgt>
      </RltdAgts>
      <Purp>
        <Cd>GDSV</Cd>
      </Purp>
      <RmtInf>
        <Ustrd>RE201610150018112-301569790/BR+871,78/DI-8,43/DM1015+369,83/CM1015+292,34/CV1015+209,61</Ustrd>
      </RmtInf>
      <RltdDts>
        <IntrBkSttlmDt>2016-10-17</IntrBkSttlmDt>
      </RltdDts>
    </TxDtls>
  </NtryDtls>

</Ntry>
<Ntry>

  <Amt Ccy="EUR">2400.00</Amt>

  <CdtDbtInd>DBIT</CdtDbtInd>

  <Sts>BOOK</Sts>

  <BookgDt>
    <Dt>2016-10-17</Dt>
  </BookgDt>

  <ValDt>
    <Dt>2016-10-17</Dt>
  </ValDt>

  <AcctSvcrRef>10001QC2Q0KCNEF4</AcctSvcrRef>

  <BkTxCd>
    <Prtry>
      <Cd>NOTPROVIDED</Cd>
    </Prtry>
  </BkTxCd>

  <NtryDtls>
    <TxDtls>
      <Refs>
        <InstrId>10001QC2Q0K7RF12</InstrId>
        <EndToEndId>NOTPROVIDED</EndToEndId>
        <TxId>20161017610141//00128843466/508</TxId>
      </Refs>
      <RltdPties>
        <Dbtr>
          <Nm>FREJA, D.O.O.</Nm>
          <PstlAdr>
            <Ctry>SI</Ctry>
            <AdrLine>GOLOUHOVA ULICA 28</AdrLine>
            <AdrLine>1000 LJUBLJANA</AdrLine>
          </PstlAdr>
        </Dbtr>
        <DbtrAcct>
          <Id>
            <IBAN>SI56290000050690990</IBAN>
          </Id>
        </DbtrAcct>
        <Cdtr>
          <Nm>FANCI D.O.O. </Nm>
          <PstlAdr>
            <Ctry>SI</Ctry>
            <AdrLine>GOLOUHOVA ULICA 30 1000 LJUBLJANA</AdrLine>
            <AdrLine>-</AdrLine>
          </PstlAdr>
        </Cdtr>
        <CdtrAcct>
          <Id>
            <IBAN>SI56290000051090727</IBAN>
          </Id>
        </CdtrAcct>
      </RltdPties>
      <RltdAgts>
        <DbtrAgt>
          <FinInstnId>
            <BIC>BACXSI22</BIC>
          </FinInstnId>
        </DbtrAgt>
        <CdtrAgt>
          <FinInstnId>
            <BIC>BACXSI22</BIC>
          </FinInstnId>
        </CdtrAgt>
      </RltdAgts>
      <Purp>
        <Cd>SUPP</Cd>
      </Purp>
      <RmtInf>
        <Strd>
          <CdtrRefInf>
            <Ref>SI000</Ref>
          </CdtrRefInf>
          <AddtlRmtInf>PLR</AddtlRmtInf>
        </Strd>
      </RmtInf>
      <RltdDts>
        <IntrBkSttlmDt>2016-10-17</IntrBkSttlmDt>
      </RltdDts>
    </TxDtls>
  </NtryDtls>

</Ntry>
<Ntry>

  <Amt Ccy="EUR">335.06</Amt>

  <CdtDbtInd>CRDT</CdtDbtInd>

  <Sts>BOOK</Sts>

  <BookgDt>
    <Dt>2016-10-17</Dt>
  </BookgDt>

  <ValDt>
    <Dt>2016-10-17</Dt>
  </ValDt>

  <AcctSvcrRef>10001QC2Q0KKQQCA</AcctSvcrRef>

  <BkTxCd>
    <Prtry>
      <Cd>NOTPROVIDED</Cd>
    </Prtry>
  </BkTxCd>

  <NtryDtls>
    <TxDtls>
      <Refs>
        <EndToEndId>SI05210137-212-20161014</EndToEndId>
        <TxId>20161017610146//00128856862/540</TxId>
      </Refs>
      <RltdPties>
        <Dbtr>
          <Nm>NOVA KREDITNA BANKA MARIBOR D.D. </Nm>
          <PstlAdr>
            <Ctry>SI</Ctry>
            <AdrLine>ULICA VITA KRAIGHERJA 004 2000 MARIBOR</AdrLine>
            <AdrLine>-</AdrLine>
          </PstlAdr>
        </Dbtr>
        <DbtrAcct>
          <Id>
            <IBAN>SI56010000009000034</IBAN>
          </Id>
        </DbtrAcct>
        <Cdtr>
          <Nm>FREJA, D.O.O.</Nm>
          <PstlAdr>
            <Ctry>SI</Ctry>
            <AdrLine>GOLOUHOVA ULICA 28</AdrLine>
            <AdrLine>1000 LJUBLJANA</AdrLine>
          </PstlAdr>
        </Cdtr>
        <CdtrAcct>
          <Id>
            <IBAN>SI56290000050690990</IBAN>
          </Id>
        </CdtrAcct>
      </RltdPties>
      <RltdAgts>
        <DbtrAgt>
          <FinInstnId>
            <BIC>PBSLSI22</BIC>
          </FinInstnId>
        </DbtrAgt>
        <CdtrAgt>
          <FinInstnId>
            <BIC>BACXSI22</BIC>
          </FinInstnId>
        </CdtrAgt>
      </RltdAgts>
      <Purp>
        <Cd>GDSV</Cd>
      </Purp>
      <RmtInf>
        <Strd>
          <CdtrRefInf>
            <Ref>SI99</Ref>
          </CdtrRefInf>
          <AddtlRmtInf>PLAC.PREKO INTERNETA</AddtlRmtInf>
        </Strd>
      </RmtInf>
      <RltdDts>
        <IntrBkSttlmDt>2016-10-17</IntrBkSttlmDt>
      </RltdDts>
    </TxDtls>
  </NtryDtls>

</Ntry></Stmt>

  </BkToCstmrStmt>

</Document>

