<?xml version="1.0" encoding="UTF-8" standalone="yes" ?>
<Document xmlns="urn:iso:std:iso:20022:tech:xsd:camt.053.001.02" xmlns:xsi="http://www.w3.org/2001/XMLSchema-instance" xsi:schemaLocation="urn:iso:std:iso:20022:tech:xsd:camt.053.001.02 ./camt.053.001.02.xsd">

  <BkToCstmrStmt>
    <GrpHdr>
      <MsgId>2016-12-21T15:33:27/12628</MsgId>
      <CreDtTm>2016-12-21T15:33:27</CreDtTm>
    </GrpHdr> <Stmt>
<Id>10001QC2Q7J49J5U</Id>
<LglSeqNb>229</LglSeqNb>
<CreDtTm>2016-11-28T00:00:00</CreDtTm>
<Acct>
<Id>
<IBAN>SI56290000050690990</IBAN>
</Id>
<Ownr>
<Nm>FREJA, D.O.O.</Nm>
<PstlAdr>
<Ctry>SI</Ctry>
<AdrLine>GOLOUHOVA ULICA 28</AdrLine>
<AdrLine>1000 LJUBLJANA</AdrLine>
</PstlAdr>
</Ownr>
</Acct>
<Bal>
<Tp>
<CdOrPrtry>
<Cd>OPBD</Cd>
</CdOrPrtry>
</Tp>
<Amt Ccy="EUR">7096.85</Amt>
<CdtDbtInd>CRDT</CdtDbtInd>
<Dt>
<Dt>2016-11-25</Dt>
</Dt>
</Bal>
<Bal>
<Tp>
<CdOrPrtry>
<Cd>CLBD</Cd>
</CdOrPrtry>
</Tp>
<Amt Ccy="EUR">13351.11</Amt>
<CdtDbtInd>CRDT</CdtDbtInd>
<Dt>
<Dt>2016-11-28</Dt>
</Dt>
</Bal>
<TxsSummry>
<TtlCdtNtries>
<NbOfNtries>7</NbOfNtries>
<Sum>10337.91</Sum>
</TtlCdtNtries>
<TtlDbtNtries>
<NbOfNtries>7</NbOfNtries>
<Sum>4083.65</Sum>
</TtlDbtNtries>
</TxsSummry>

<Ntry>

  <Amt Ccy="EUR">143.80</Amt>

  <CdtDbtInd>DBIT</CdtDbtInd>

  <Sts>BOOK</Sts>

  <BookgDt>
    <Dt>2016-11-28</Dt>
  </BookgDt>

  <ValDt>
    <Dt>2016-11-25</Dt>
  </ValDt>

  <AcctSvcrRef>10001QC2Q7F7VV10</AcctSvcrRef>

  <BkTxCd>
    <Prtry>
      <Cd>NOTPROVIDED</Cd>
    </Prtry>
  </BkTxCd>

  <NtryDtls>
    <TxDtls>
      <Refs>
        <EndToEndId>NOTPROVIDED</EndToEndId>
        <TxId>20161128002507//CLT2-1625179905/374</TxId>
      </Refs>
      <RltdPties>
        <Dbtr>
          <Nm>FREJA, D.O.O.</Nm>
          <PstlAdr>
            <Ctry>SI</Ctry>
            <AdrLine>GOLOUHOVA ULICA 28</AdrLine>
            <AdrLine>1000 LJUBLJANA</AdrLine>
          </PstlAdr>
        </Dbtr>
        <DbtrAcct>
          <Id>
            <IBAN>SI56290000050690990</IBAN>
          </Id>
        </DbtrAcct>
        <Cdtr>
          <Nm>PRO-MAK LJUBLJANA-SI</Nm>
          <PstlAdr>
            <Ctry>SI</Ctry>
            <AdrLine>-</AdrLine>
            <AdrLine>-</AdrLine>
          </PstlAdr>
        </Cdtr>
        <CdtrAcct>
          <Id>
            <Othr>
              <Id>-</Id>
            </Othr>
          </Id>
        </CdtrAcct>
      </RltdPties>
      <RltdAgts>
        <DbtrAgt>
          <FinInstnId>
            <BIC>BACXSI22</BIC>
          </FinInstnId>
        </DbtrAgt>
        <CdtrAgt>
          <FinInstnId>
            <BIC>BACXSI22</BIC>
          </FinInstnId>
        </CdtrAgt>
      </RltdAgts>
      <RmtInf>
        <Ustrd>POS nakup /Card 6771-XXXX-XXXX-XXXX-358 /143,80 EUR 24/11/16</Ustrd>
      </RmtInf>
      <RltdDts>
        <IntrBkSttlmDt>2016-11-28</IntrBkSttlmDt>
      </RltdDts>
    </TxDtls>
  </NtryDtls>

</Ntry>
<Ntry>

  <Amt Ccy="EUR">21.91</Amt>

  <CdtDbtInd>DBIT</CdtDbtInd>

  <Sts>BOOK</Sts>

  <BookgDt>
    <Dt>2016-11-28</Dt>
  </BookgDt>

  <ValDt>
    <Dt>2016-11-26</Dt>
  </ValDt>

  <AcctSvcrRef>10001QC2Q7F7VV6N</AcctSvcrRef>

  <BkTxCd>
    <Prtry>
      <Cd>NOTPROVIDED</Cd>
    </Prtry>
  </BkTxCd>

  <NtryDtls>
    <TxDtls>
      <Refs>
        <EndToEndId>NOTPROVIDED</EndToEndId>
        <TxId>20161128002619//CLT2-1625265341/374</TxId>
      </Refs>
      <RltdPties>
        <Dbtr>
          <Nm>FREJA, D.O.O.</Nm>
          <PstlAdr>
            <Ctry>SI</Ctry>
            <AdrLine>GOLOUHOVA ULICA 28</AdrLine>
            <AdrLine>1000 LJUBLJANA</AdrLine>
          </PstlAdr>
        </Dbtr>
        <DbtrAcct>
          <Id>
            <IBAN>SI56290000050690990</IBAN>
          </Id>
        </DbtrAcct>
        <Cdtr>
          <Nm>HIPERMARKET RUDNIK LJUBLJANA-SI</Nm>
          <PstlAdr>
            <Ctry>SI</Ctry>
            <AdrLine>-</AdrLine>
            <AdrLine>-</AdrLine>
          </PstlAdr>
        </Cdtr>
        <CdtrAcct>
          <Id>
            <Othr>
              <Id>-</Id>
            </Othr>
          </Id>
        </CdtrAcct>
      </RltdPties>
      <RltdAgts>
        <DbtrAgt>
          <FinInstnId>
            <BIC>BACXSI22</BIC>
          </FinInstnId>
        </DbtrAgt>
        <CdtrAgt>
          <FinInstnId>
            <BIC>BACXSI22</BIC>
          </FinInstnId>
        </CdtrAgt>
      </RltdAgts>
      <RmtInf>
        <Ustrd>POS nakup /Card 6771-XXXX-XXXX-XXXX-338 /21,91 EUR 25/11/16</Ustrd>
      </RmtInf>
      <RltdDts>
        <IntrBkSttlmDt>2016-11-28</IntrBkSttlmDt>
      </RltdDts>
    </TxDtls>
  </NtryDtls>

</Ntry>
<Ntry>

  <Amt Ccy="EUR">102.66</Amt>

  <CdtDbtInd>DBIT</CdtDbtInd>

  <Sts>BOOK</Sts>

  <BookgDt>
    <Dt>2016-11-28</Dt>
  </BookgDt>

  <ValDt>
    <Dt>2016-11-26</Dt>
  </ValDt>

  <AcctSvcrRef>10001QC2Q7F7VVA8</AcctSvcrRef>

  <BkTxCd>
    <Prtry>
      <Cd>NOTPROVIDED</Cd>
    </Prtry>
  </BkTxCd>

  <NtryDtls>
    <TxDtls>
      <Refs>
        <EndToEndId>NOTPROVIDED</EndToEndId>
        <TxId>20161128002650//CLT2-1625272474/374</TxId>
      </Refs>
      <RltdPties>
        <Dbtr>
          <Nm>FREJA, D.O.O.</Nm>
          <PstlAdr>
            <Ctry>SI</Ctry>
            <AdrLine>GOLOUHOVA ULICA 28</AdrLine>
            <AdrLine>1000 LJUBLJANA</AdrLine>
          </PstlAdr>
        </Dbtr>
        <DbtrAcct>
          <Id>
            <IBAN>SI56290000050690990</IBAN>
          </Id>
        </DbtrAcct>
        <Cdtr>
          <Nm>BAUHAUS d.o.o., k.d. 9 Ljubljana-SI</Nm>
          <PstlAdr>
            <Ctry>SI</Ctry>
            <AdrLine>-</AdrLine>
            <AdrLine>-</AdrLine>
          </PstlAdr>
        </Cdtr>
        <CdtrAcct>
          <Id>
            <Othr>
              <Id>-</Id>
            </Othr>
          </Id>
        </CdtrAcct>
      </RltdPties>
      <RltdAgts>
        <DbtrAgt>
          <FinInstnId>
            <BIC>BACXSI22</BIC>
          </FinInstnId>
        </DbtrAgt>
        <CdtrAgt>
          <FinInstnId>
            <BIC>BACXSI22</BIC>
          </FinInstnId>
        </CdtrAgt>
      </RltdAgts>
      <RmtInf>
        <Ustrd>POS nakup /Card 6771-XXXX-XXXX-XXXX-338 /102,66 EUR 25/11/16</Ustrd>
      </RmtInf>
      <RltdDts>
        <IntrBkSttlmDt>2016-11-28</IntrBkSttlmDt>
      </RltdDts>
    </TxDtls>
  </NtryDtls>

</Ntry>
<Ntry>

  <Amt Ccy="EUR">6955.43</Amt>

  <CdtDbtInd>CRDT</CdtDbtInd>

  <Sts>BOOK</Sts>

  <BookgDt>
    <Dt>2016-11-28</Dt>
  </BookgDt>

  <ValDt>
    <Dt>2016-11-28</Dt>
  </ValDt>

  <AcctSvcrRef>10001QC2Q7G0HXC8</AcctSvcrRef>

  <BkTxCd>
    <Prtry>
      <Cd>NOTPROVIDED</Cd>
    </Prtry>
  </BkTxCd>

  <NtryDtls>
    <TxDtls>
      <Refs>
        <EndToEndId>NOTPROVIDED</EndToEndId>
        <TxId>20161128538455//6333902192/100</TxId>
      </Refs>
      <RltdPties>
        <Dbtr>
          <Nm>LIBRA SKINCARE LTD</Nm>
          <PstlAdr>
            <Ctry>GB</Ctry>
            <AdrLine>5 SOMER RIDGE</AdrLine>
            <AdrLine>RADSTOCK</AdrLine>
          </PstlAdr>
        </Dbtr>
        <DbtrAcct>
          <Id>
            <Othr>
              <Id>20050660911216</Id>
            </Othr>
          </Id>
        </DbtrAcct>
        <Cdtr>
          <Nm>FREJA, D.O.O.</Nm>
          <PstlAdr>
            <Ctry>SI</Ctry>
            <AdrLine>GOLOUHOVA ULICA 28</AdrLine>
            <AdrLine>1000 LJUBLJANA</AdrLine>
          </PstlAdr>
        </Cdtr>
        <CdtrAcct>
          <Id>
            <IBAN>SI56290000050690990</IBAN>
          </Id>
        </CdtrAcct>
      </RltdPties>
      <RltdAgts>
        <DbtrAgt>
          <FinInstnId>
            <BIC>BARCGB22XXX</BIC>
          </FinInstnId>
        </DbtrAgt>
        <CdtrAgt>
          <FinInstnId>
            <BIC>BACXSI22XXX</BIC>
          </FinInstnId>
        </CdtrAgt>
      </RltdAgts>
      <RmtInf>
        <Ustrd>INV 2016/17</Ustrd>
      </RmtInf>
      <RltdDts>
        <IntrBkSttlmDt>2016-11-28</IntrBkSttlmDt>
      </RltdDts>
    </TxDtls>
  </NtryDtls>

</Ntry>
<Ntry>

  <Amt Ccy="EUR">856.22</Amt>

  <CdtDbtInd>CRDT</CdtDbtInd>

  <Sts>BOOK</Sts>

  <BookgDt>
    <Dt>2016-11-28</Dt>
  </BookgDt>

  <ValDt>
    <Dt>2016-11-28</Dt>
  </ValDt>

  <AcctSvcrRef>10001QC2Q7GAUM2U</AcctSvcrRef>

  <BkTxCd>
    <Prtry>
      <Cd>NOTPROVIDED</Cd>
    </Prtry>
  </BkTxCd>

  <NtryDtls>
    <TxDtls>
      <Refs>
        <EndToEndId>SI00099-126256-905663</EndToEndId>
        <TxId>20161128610123//00130853836/540</TxId>
      </Refs>
      <RltdPties>
        <Dbtr>
          <Nm>POSTA SLOVENIJE D.O.O. </Nm>
          <PstlAdr>
            <Ctry>SI</Ctry>
            <AdrLine>SLOMSKOV TRG 010 2000 MARIBOR</AdrLine>
            <AdrLine>-</AdrLine>
          </PstlAdr>
        </Dbtr>
        <DbtrAcct>
          <Id>
            <IBAN>SI56906720000040025</IBAN>
          </Id>
        </DbtrAcct>
        <Cdtr>
          <Nm>FREJA, D.O.O.</Nm>
          <PstlAdr>
            <Ctry>SI</Ctry>
            <AdrLine>GOLOUHOVA ULICA 28</AdrLine>
            <AdrLine>1000 LJUBLJANA</AdrLine>
          </PstlAdr>
        </Cdtr>
        <CdtrAcct>
          <Id>
            <IBAN>SI56290000050690990</IBAN>
          </Id>
        </CdtrAcct>
      </RltdPties>
      <RltdAgts>
        <DbtrAgt>
          <FinInstnId>
            <BIC>PBSLSI22</BIC>
          </FinInstnId>
        </DbtrAgt>
        <CdtrAgt>
          <FinInstnId>
            <BIC>BACXSI22</BIC>
          </FinInstnId>
        </CdtrAgt>
      </RltdAgts>
      <Purp>
        <Cd>OTHR</Cd>
      </Purp>
      <RmtInf>
        <Strd>
          <CdtrRefInf>
            <Ref>SI00099-126256-905663</Ref>
          </CdtrRefInf>
          <AddtlRmtInf>DRUGO</AddtlRmtInf>
        </Strd>
      </RmtInf>
      <RltdDts>
        <IntrBkSttlmDt>2016-11-28</IntrBkSttlmDt>
      </RltdDts>
    </TxDtls>
  </NtryDtls>

</Ntry>
<Ntry>

  <Amt Ccy="EUR">44.74</Amt>

  <CdtDbtInd>DBIT</CdtDbtInd>

  <Sts>BOOK</Sts>

  <BookgDt>
    <Dt>2016-11-28</Dt>
  </BookgDt>

  <ValDt>
    <Dt>2016-11-28</Dt>
  </ValDt>

  <AcctSvcrRef>10001QC2Q7GDMXR2</AcctSvcrRef>

  <BkTxCd>
    <Prtry>
      <Cd>NOTPROVIDED</Cd>
    </Prtry>
  </BkTxCd>

  <NtryDtls>
    <TxDtls>
      <Refs>
        <InstrId>10001QC2Q5HY7AE2</InstrId>
        <EndToEndId>SI00527</EndToEndId>
        <TxId>20161128610126//00130860283/507</TxId>
      </Refs>
      <RltdPties>
        <Dbtr>
          <Nm>FREJA, D.O.O.</Nm>
          <PstlAdr>
            <Ctry>SI</Ctry>
            <AdrLine>GOLOUHOVA ULICA 28</AdrLine>
            <AdrLine>1000 LJUBLJANA</AdrLine>
          </PstlAdr>
        </Dbtr>
        <DbtrAcct>
          <Id>
            <IBAN>SI56290000050690990</IBAN>
          </Id>
        </DbtrAcct>
        <Cdtr>
          <Nm>GEN-I, D.O.O. </Nm>
          <PstlAdr>
            <Ctry>SI</Ctry>
            <AdrLine>CESTA 4. JULIJA 04 KRSKO</AdrLine>
            <AdrLine>-</AdrLine>
          </PstlAdr>
        </Cdtr>
        <CdtrAcct>
          <Id>
            <IBAN>SI56029220260092885</IBAN>
          </Id>
        </CdtrAcct>
      </RltdPties>
      <RltdAgts>
        <DbtrAgt>
          <FinInstnId>
            <BIC>BACXSI22</BIC>
          </FinInstnId>
        </DbtrAgt>
        <CdtrAgt>
          <FinInstnId>
            <BIC>LJBASI2X</BIC>
          </FinInstnId>
        </CdtrAgt>
      </RltdAgts>
      <Purp>
        <Cd>GDSV</Cd>
      </Purp>
      <RmtInf>
        <Strd>
          <CdtrRefInf>
            <Ref>SI129001539393171</Ref>
          </CdtrRefInf>
          <AddtlRmtInf>PL.RN. 3939317             0000816</AddtlRmtInf>
        </Strd>
      </RmtInf>
      <RltdDts>
        <IntrBkSttlmDt>2016-11-28</IntrBkSttlmDt>
      </RltdDts>
    </TxDtls>
  </NtryDtls>

</Ntry>
<Ntry>

  <Amt Ccy="EUR">168.94</Amt>

  <CdtDbtInd>DBIT</CdtDbtInd>

  <Sts>BOOK</Sts>

  <BookgDt>
    <Dt>2016-11-28</Dt>
  </BookgDt>

  <ValDt>
    <Dt>2016-11-28</Dt>
  </ValDt>

  <AcctSvcrRef>10001QC2Q7GDMXSS</AcctSvcrRef>

  <BkTxCd>
    <Prtry>
      <Cd>NOTPROVIDED</Cd>
    </Prtry>
  </BkTxCd>

  <NtryDtls>
    <TxDtls>
      <Refs>
        <InstrId>10001QC2Q5HY7AEN</InstrId>
        <EndToEndId>SI00528</EndToEndId>
        <TxId>20161128610126//00130860284/507</TxId>
      </Refs>
      <RltdPties>
        <Dbtr>
          <Nm>FREJA, D.O.O.</Nm>
          <PstlAdr>
            <Ctry>SI</Ctry>
            <AdrLine>GOLOUHOVA ULICA 28</AdrLine>
            <AdrLine>1000 LJUBLJANA</AdrLine>
          </PstlAdr>
        </Dbtr>
        <DbtrAcct>
          <Id>
            <IBAN>SI56290000050690990</IBAN>
          </Id>
        </DbtrAcct>
        <Cdtr>
          <Nm>GEN-I, D.O.O. </Nm>
          <PstlAdr>
            <Ctry>SI</Ctry>
            <AdrLine>CESTA 4. JULIJA 04 KRSKO</AdrLine>
            <AdrLine>-</AdrLine>
          </PstlAdr>
        </Cdtr>
        <CdtrAcct>
          <Id>
            <IBAN>SI56029220260092885</IBAN>
          </Id>
        </CdtrAcct>
      </RltdPties>
      <RltdAgts>
        <DbtrAgt>
          <FinInstnId>
            <BIC>BACXSI22</BIC>
          </FinInstnId>
        </DbtrAgt>
        <CdtrAgt>
          <FinInstnId>
            <BIC>LJBASI2X</BIC>
          </FinInstnId>
        </CdtrAgt>
      </RltdAgts>
      <Purp>
        <Cd>GDSV</Cd>
      </Purp>
      <RmtInf>
        <Strd>
          <CdtrRefInf>
            <Ref>SI129001539368673</Ref>
          </CdtrRefInf>
          <AddtlRmtInf>PL.RN. 3936867             0000817</AddtlRmtInf>
        </Strd>
      </RmtInf>
      <RltdDts>
        <IntrBkSttlmDt>2016-11-28</IntrBkSttlmDt>
      </RltdDts>
    </TxDtls>
  </NtryDtls>

</Ntry>
<Ntry>

  <Amt Ccy="EUR">3600.00</Amt>

  <CdtDbtInd>DBIT</CdtDbtInd>

  <Sts>BOOK</Sts>

  <BookgDt>
    <Dt>2016-11-28</Dt>
  </BookgDt>

  <ValDt>
    <Dt>2016-11-28</Dt>
  </ValDt>

  <AcctSvcrRef>10001QC2Q7GDMXT0</AcctSvcrRef>

  <BkTxCd>
    <Prtry>
      <Cd>NOTPROVIDED</Cd>
    </Prtry>
  </BkTxCd>

  <NtryDtls>
    <TxDtls>
      <Refs>
        <InstrId>10001QC2Q7GBRCAL</InstrId>
        <EndToEndId>NOTPROVIDED</EndToEndId>
        <TxId>20161128610126//00130860285/508</TxId>
      </Refs>
      <RltdPties>
        <Dbtr>
          <Nm>FREJA, D.O.O.</Nm>
          <PstlAdr>
            <Ctry>SI</Ctry>
            <AdrLine>GOLOUHOVA ULICA 28</AdrLine>
            <AdrLine>1000 LJUBLJANA</AdrLine>
          </PstlAdr>
        </Dbtr>
        <DbtrAcct>
          <Id>
            <IBAN>SI56290000050690990</IBAN>
          </Id>
        </DbtrAcct>
        <Cdtr>
          <Nm>FANCI D.O.O. </Nm>
          <PstlAdr>
            <Ctry>SI</Ctry>
            <AdrLine>GOLOUHOVA ULICA 30 1000 LJUBLJANA</AdrLine>
            <AdrLine>-</AdrLine>
          </PstlAdr>
        </Cdtr>
        <CdtrAcct>
          <Id>
            <IBAN>SI56290000051090727</IBAN>
          </Id>
        </CdtrAcct>
      </RltdPties>
      <RltdAgts>
        <DbtrAgt>
          <FinInstnId>
            <BIC>BACXSI22</BIC>
          </FinInstnId>
        </DbtrAgt>
        <CdtrAgt>
          <FinInstnId>
            <BIC>BACXSI22</BIC>
          </FinInstnId>
        </CdtrAgt>
      </RltdAgts>
      <Purp>
        <Cd>SUPP</Cd>
      </Purp>
      <RmtInf>
        <Strd>
          <CdtrRefInf>
            <Ref>SI000</Ref>
          </CdtrRefInf>
          <AddtlRmtInf>PLR</AddtlRmtInf>
        </Strd>
      </RmtInf>
      <RltdDts>
        <IntrBkSttlmDt>2016-11-28</IntrBkSttlmDt>
      </RltdDts>
    </TxDtls>
  </NtryDtls>

</Ntry>
<Ntry>

  <Amt Ccy="EUR">53.55</Amt>

  <CdtDbtInd>CRDT</CdtDbtInd>

  <Sts>BOOK</Sts>

  <BookgDt>
    <Dt>2016-11-28</Dt>
  </BookgDt>

  <ValDt>
    <Dt>2016-11-28</Dt>
  </ValDt>

  <AcctSvcrRef>10001QC2Q7GG0JT6</AcctSvcrRef>

  <BkTxCd>
    <Prtry>
      <Cd>NOTPROVIDED</Cd>
    </Prtry>
  </BkTxCd>

  <NtryDtls>
    <TxDtls>
      <Refs>
        <EndToEndId>NOTPROVIDED</EndToEndId>
        <TxId>20161128540008//6333902964/100</TxId>
      </Refs>
      <RltdPties>
        <Dbtr>
          <Nm>IVANA CVITKOVIC</Nm>
          <PstlAdr>
            <Ctry>HR</Ctry>
            <AdrLine>HRVOJE MACANOVICA, 6</AdrLine>
            <AdrLine>10000 ZAGREB</AdrLine>
          </PstlAdr>
        </Dbtr>
        <DbtrAcct>
          <Id>
            <IBAN>HR0723400093209404086</IBAN>
          </Id>
        </DbtrAcct>
        <Cdtr>
          <Nm>FREJA, D.O.O.</Nm>
          <PstlAdr>
            <Ctry>SI</Ctry>
            <AdrLine>GOLOUHOVA ULICA 28</AdrLine>
            <AdrLine>1000 LJUBLJANA</AdrLine>
          </PstlAdr>
        </Cdtr>
        <CdtrAcct>
          <Id>
            <IBAN>SI56290000050690990</IBAN>
          </Id>
        </CdtrAcct>
      </RltdPties>
      <RltdAgts>
        <DbtrAgt>
          <FinInstnId>
            <BIC>PBZGHR2XXXX</BIC>
          </FinInstnId>
        </DbtrAgt>
        <CdtrAgt>
          <FinInstnId>
            <BIC>BACXSI22XXX</BIC>
          </FinInstnId>
        </CdtrAgt>
      </RltdAgts>
      <RmtInf>
        <Ustrd>UPLATA ZA NARUCENE PROIZVODE</Ustrd>
      </RmtInf>
      <RltdDts>
        <IntrBkSttlmDt>2016-11-28</IntrBkSttlmDt>
      </RltdDts>
    </TxDtls>
  </NtryDtls>

</Ntry>
<Ntry>

  <Amt Ccy="EUR">1867.79</Amt>

  <CdtDbtInd>CRDT</CdtDbtInd>

  <Sts>BOOK</Sts>

  <BookgDt>
    <Dt>2016-11-28</Dt>
  </BookgDt>

  <ValDt>
    <Dt>2016-11-28</Dt>
  </ValDt>

  <AcctSvcrRef>10001QC2Q7H299J6</AcctSvcrRef>

  <BkTxCd>
    <Prtry>
      <Cd>NOTPROVIDED</Cd>
    </Prtry>
  </BkTxCd>

  <NtryDtls>
    <TxDtls>
      <Refs>
        <EndToEndId>RE201611250025191-301569790</EndToEndId>
        <TxId>20161128541115//6333903770/100</TxId>
      </Refs>
      <RltdPties>
        <Dbtr>
          <Nm>SIX PAYMENT SERVICES (AUT), ATU1535 5906</Nm>
          <PstlAdr>
            <Ctry>AT</Ctry>
            <AdrLine>1030 MARXERGASSE 1B</AdrLine>
            <AdrLine>-</AdrLine>
          </PstlAdr>
        </Dbtr>
        <DbtrAcct>
          <Id>
            <IBAN>AT447603020000000009</IBAN>
          </Id>
        </DbtrAcct>
        <Cdtr>
          <Nm>FREJA, D.O.O.</Nm>
          <PstlAdr>
            <Ctry>SI</Ctry>
            <AdrLine>GOLOUHOVA ULICA 28</AdrLine>
            <AdrLine>1000 LJUBLJANA</AdrLine>
          </PstlAdr>
        </Cdtr>
        <CdtrAcct>
          <Id>
            <IBAN>SI56290000050690990</IBAN>
          </Id>
        </CdtrAcct>
      </RltdPties>
      <RltdAgts>
        <DbtrAgt>
          <FinInstnId>
            <BIC>PLBKATWWXXX</BIC>
          </FinInstnId>
        </DbtrAgt>
        <CdtrAgt>
          <FinInstnId>
            <BIC>BACXSI22XXX</BIC>
          </FinInstnId>
        </CdtrAgt>
      </RltdAgts>
      <RmtInf>
        <Ustrd>RE201611250025191-301569790/BR+1885,30/DI-17,51/DM1125+1161,65/CM1125+425,52/CV1125+319,10/FT1125-20,97</Ustrd>
      </RmtInf>
      <RltdDts>
        <IntrBkSttlmDt>2016-11-28</IntrBkSttlmDt>
      </RltdDts>
    </TxDtls>
  </NtryDtls>

</Ntry>
<Ntry>

  <Amt Ccy="EUR">556.18</Amt>

  <CdtDbtInd>CRDT</CdtDbtInd>

  <Sts>BOOK</Sts>

  <BookgDt>
    <Dt>2016-11-28</Dt>
  </BookgDt>

  <ValDt>
    <Dt>2016-11-28</Dt>
  </ValDt>

  <AcctSvcrRef>10001QC2Q7H299J8</AcctSvcrRef>

  <BkTxCd>
    <Prtry>
      <Cd>NOTPROVIDED</Cd>
    </Prtry>
  </BkTxCd>

  <NtryDtls>
    <TxDtls>
      <Refs>
        <EndToEndId>RE201611260018996-301569790</EndToEndId>
        <TxId>20161128541126//6333903806/100</TxId>
      </Refs>
      <RltdPties>
        <Dbtr>
          <Nm>SIX PAYMENT SERVICES (AUT), ATU1535 5906</Nm>
          <PstlAdr>
            <Ctry>AT</Ctry>
            <AdrLine>1030 MARXERGASSE 1B</AdrLine>
            <AdrLine>-</AdrLine>
          </PstlAdr>
        </Dbtr>
        <DbtrAcct>
          <Id>
            <IBAN>AT447603020000000009</IBAN>
          </Id>
        </DbtrAcct>
        <Cdtr>
          <Nm>FREJA, D.O.O.</Nm>
          <PstlAdr>
            <Ctry>SI</Ctry>
            <AdrLine>GOLOUHOVA ULICA 28</AdrLine>
            <AdrLine>1000 LJUBLJANA</AdrLine>
          </PstlAdr>
        </Cdtr>
        <CdtrAcct>
          <Id>
            <IBAN>SI56290000050690990</IBAN>
          </Id>
        </CdtrAcct>
      </RltdPties>
      <RltdAgts>
        <DbtrAgt>
          <FinInstnId>
            <BIC>PLBKATWWXXX</BIC>
          </FinInstnId>
        </DbtrAgt>
        <CdtrAgt>
          <FinInstnId>
            <BIC>BACXSI22XXX</BIC>
          </FinInstnId>
        </CdtrAgt>
      </RltdAgts>
      <RmtInf>
        <Ustrd>RE201611260018996-301569790/BR+561,36/DI-5,18/DM1126+347,44/CM1126+191,47/CV1126+22,45</Ustrd>
      </RmtInf>
      <RltdDts>
        <IntrBkSttlmDt>2016-11-28</IntrBkSttlmDt>
      </RltdDts>
    </TxDtls>
  </NtryDtls>

</Ntry>
<Ntry>

  <Amt Ccy="EUR">26.39</Amt>

  <CdtDbtInd>CRDT</CdtDbtInd>

  <Sts>BOOK</Sts>

  <BookgDt>
    <Dt>2016-11-28</Dt>
  </BookgDt>

  <ValDt>
    <Dt>2016-11-28</Dt>
  </ValDt>

  <AcctSvcrRef>10001QC2Q7HA8XE8</AcctSvcrRef>

  <BkTxCd>
    <Prtry>
      <Cd>NOTPROVIDED</Cd>
    </Prtry>
  </BkTxCd>

  <NtryDtls>
    <TxDtls>
      <Refs>
        <EndToEndId>SI05382000-5271-20161128</EndToEndId>
        <TxId>20161128610150//00130872437/540</TxId>
      </Refs>
      <RltdPties>
        <Dbtr>
          <Nm>GRETI TOMASEVIC </Nm>
          <PstlAdr>
            <Ctry>SI</Ctry>
            <AdrLine>GLAVNI TRG 16 C 5271 VIPAVA</AdrLine>
            <AdrLine>-</AdrLine>
          </PstlAdr>
        </Dbtr>
        <DbtrAcct>
          <Id>
            <IBAN>SI56010000009000034</IBAN>
          </Id>
        </DbtrAcct>
        <UltmtDbtr>
          <Nm>GRETI TOMASEVIC </Nm>
        </UltmtDbtr>
        <Cdtr>
          <Nm>FREJA, D.O.O.</Nm>
          <PstlAdr>
            <Ctry>SI</Ctry>
            <AdrLine>GOLOUHOVA ULICA 28</AdrLine>
            <AdrLine>1000 LJUBLJANA</AdrLine>
          </PstlAdr>
        </Cdtr>
        <CdtrAcct>
          <Id>
            <IBAN>SI56290000050690990</IBAN>
          </Id>
        </CdtrAcct>
      </RltdPties>
      <RltdAgts>
        <DbtrAgt>
          <FinInstnId>
            <BIC>PBSLSI22</BIC>
          </FinInstnId>
        </DbtrAgt>
        <CdtrAgt>
          <FinInstnId>
            <BIC>BACXSI22</BIC>
          </FinInstnId>
        </CdtrAgt>
      </RltdAgts>
      <Purp>
        <Cd>WEBI</Cd>
      </Purp>
      <RmtInf>
        <Strd>
          <CdtrRefInf>
            <Ref>SI002016-15857</Ref>
          </CdtrRefInf>
          <AddtlRmtInf>INTERNETNO INICIIRANA TRANSAKCIJA</AddtlRmtInf>
        </Strd>
      </RmtInf>
      <RltdDts>
        <IntrBkSttlmDt>2016-11-28</IntrBkSttlmDt>
      </RltdDts>
    </TxDtls>
  </NtryDtls>

</Ntry>
<Ntry>

  <Amt Ccy="EUR">22.35</Amt>

  <CdtDbtInd>CRDT</CdtDbtInd>

  <Sts>BOOK</Sts>

  <BookgDt>
    <Dt>2016-11-28</Dt>
  </BookgDt>

  <ValDt>
    <Dt>2016-11-28</Dt>
  </ValDt>

  <AcctSvcrRef>10001QC2Q7HA8XEC</AcctSvcrRef>

  <BkTxCd>
    <Prtry>
      <Cd>NOTPROVIDED</Cd>
    </Prtry>
  </BkTxCd>

  <NtryDtls>
    <TxDtls>
      <Refs>
        <EndToEndId>SI99</EndToEndId>
        <TxId>20161128610150//00130874821/540</TxId>
      </Refs>
      <RltdPties>
        <Dbtr>
          <Nm>HALDER MOHAN KUMAR S.P. </Nm>
          <PstlAdr>
            <Ctry>SI</Ctry>
            <AdrLine>OBALA 144 6320 PORTOROZ</AdrLine>
            <AdrLine>-</AdrLine>
          </PstlAdr>
        </Dbtr>
        <DbtrAcct>
          <Id>
            <IBAN>SI56101000053978749</IBAN>
          </Id>
        </DbtrAcct>
        <Cdtr>
          <Nm>FREJA, D.O.O.</Nm>
          <PstlAdr>
            <Ctry>SI</Ctry>
            <AdrLine>GOLOUHOVA ULICA 28</AdrLine>
            <AdrLine>1000 LJUBLJANA</AdrLine>
          </PstlAdr>
        </Cdtr>
        <CdtrAcct>
          <Id>
            <IBAN>SI56290000050690990</IBAN>
          </Id>
        </CdtrAcct>
      </RltdPties>
      <RltdAgts>
        <DbtrAgt>
          <FinInstnId>
            <BIC>BAKOSI2X</BIC>
          </FinInstnId>
        </DbtrAgt>
        <CdtrAgt>
          <FinInstnId>
            <BIC>BACXSI22</BIC>
          </FinInstnId>
        </CdtrAgt>
      </RltdAgts>
      <Purp>
        <Cd>OTHR</Cd>
      </Purp>
      <RmtInf>
        <Strd>
          <CdtrRefInf>
            <Ref>SI99</Ref>
          </CdtrRefInf>
          <AddtlRmtInf>PREDRACUN 2016-152</AddtlRmtInf>
        </Strd>
      </RmtInf>
      <RltdDts>
        <IntrBkSttlmDt>2016-11-28</IntrBkSttlmDt>
      </RltdDts>
    </TxDtls>
  </NtryDtls>

</Ntry>
<Ntry>

  <Amt Ccy="EUR">1.60</Amt>

  <CdtDbtInd>DBIT</CdtDbtInd>

  <Sts>BOOK</Sts>

  <BookgDt>
    <Dt>2016-11-28</Dt>
  </BookgDt>

  <ValDt>
    <Dt>2016-11-28</Dt>
  </ValDt>

  <AcctSvcrRef>10001QC2Q7J49J9L</AcctSvcrRef>

  <BkTxCd>
    <Prtry>
      <Cd>NOTPROVIDED</Cd>
    </Prtry>
  </BkTxCd>

  <NtryDtls>
    <TxDtls>
      <Refs>
        <EndToEndId>NOTPROVIDED</EndToEndId>
        <TxId>20161128999922///283</TxId>
      </Refs>
      <RltdPties>
        <Dbtr>
          <Nm>FREJA, D.O.O.</Nm>
          <PstlAdr>
            <Ctry>SI</Ctry>
            <AdrLine>GOLOUHOVA ULICA 28</AdrLine>
            <AdrLine>1000 LJUBLJANA</AdrLine>
          </PstlAdr>
        </Dbtr>
        <DbtrAcct>
          <Id>
            <IBAN>SI56290000050690990</IBAN>
          </Id>
        </DbtrAcct>
        <Cdtr>
          <Nm>-</Nm>
          <PstlAdr>
            <Ctry>SI</Ctry>
            <AdrLine>-</AdrLine>
            <AdrLine>-</AdrLine>
          </PstlAdr>
        </Cdtr>
        <CdtrAcct>
          <Id>
            <Othr>
              <Id>-</Id>
            </Othr>
          </Id>
        </CdtrAcct>
      </RltdPties>
      <RltdAgts>
        <DbtrAgt>
          <FinInstnId>
            <BIC>BACXSI22</BIC>
          </FinInstnId>
        </DbtrAgt>
        <CdtrAgt>
          <FinInstnId>
            <BIC>BACXSI22</BIC>
          </FinInstnId>
        </CdtrAgt>
      </RltdAgts>
      <RmtInf>
        <Ustrd>PROVIZIJA ELEKTR. STAND. 2 x 0,80 EUR</Ustrd>
      </RmtInf>
      <RltdDts>
        <IntrBkSttlmDt>2016-11-28</IntrBkSttlmDt>
      </RltdDts>
    </TxDtls>
  </NtryDtls>

</Ntry></Stmt>

  </BkToCstmrStmt>

</Document>

