<?xml version="1.0" encoding="UTF-8" standalone="yes" ?>
<Document xmlns="urn:iso:std:iso:20022:tech:xsd:camt.053.001.02" xmlns:xsi="http://www.w3.org/2001/XMLSchema-instance" xsi:schemaLocation="urn:iso:std:iso:20022:tech:xsd:camt.053.001.02 ./camt.053.001.02.xsd">

  <BkToCstmrStmt>
    <GrpHdr>
      <MsgId>2017-05-31T15:24:13/4488</MsgId>
      <CreDtTm>2017-05-31T15:24:13</CreDtTm>
    </GrpHdr> <Stmt>
<Id>10001QC2QUAF9N9Q</Id>
<LglSeqNb>64</LglSeqNb>
<CreDtTm>2017-04-03T00:00:00</CreDtTm>
<Acct>
<Id>
<IBAN>SI56290000050690990</IBAN>
</Id>
<Ownr>
<Nm>FREJA, D.O.O.</Nm>
<PstlAdr>
<Ctry>SI</Ctry>
<AdrLine>GOLOUHOVA ULICA 28</AdrLine>
<AdrLine>1000 LJUBLJANA</AdrLine>
</PstlAdr>
</Ownr>
</Acct>
<Bal>
<Tp>
<CdOrPrtry>
<Cd>OPBD</Cd>
</CdOrPrtry>
</Tp>
<Amt Ccy="EUR">1231.25</Amt>
<CdtDbtInd>CRDT</CdtDbtInd>
<Dt>
<Dt>2017-03-31</Dt>
</Dt>
</Bal>
<Bal>
<Tp>
<CdOrPrtry>
<Cd>CLBD</Cd>
</CdOrPrtry>
</Tp>
<Amt Ccy="EUR">389.95</Amt>
<CdtDbtInd>CRDT</CdtDbtInd>
<Dt>
<Dt>2017-04-03</Dt>
</Dt>
</Bal>
<TxsSummry>
<TtlCdtNtries>
<NbOfNtries>6</NbOfNtries>
<Sum>3631.75</Sum>
</TtlCdtNtries>
<TtlDbtNtries>
<NbOfNtries>5</NbOfNtries>
<Sum>4473.05</Sum>
</TtlDbtNtries>
</TxsSummry>

<Ntry>

  <Amt Ccy="EUR">42.25</Amt>

  <CdtDbtInd>DBIT</CdtDbtInd>

  <Sts>BOOK</Sts>

  <BookgDt>
    <Dt>2017-04-03</Dt>
  </BookgDt>

  <ValDt>
    <Dt>2017-03-31</Dt>
  </ValDt>

  <AcctSvcrRef>10001QC2QU7FB3AQ</AcctSvcrRef>

  <BkTxCd>
    <Prtry>
      <Cd>NOTPROVIDED</Cd>
    </Prtry>
  </BkTxCd>

  <NtryDtls>
    <TxDtls>
      <Refs>
        <EndToEndId>NOTPROVIDED</EndToEndId>
        <TxId>20170403000270//CLT2-1707012141/374</TxId>
      </Refs>
      <RltdPties>
        <Dbtr>
          <Nm>FREJA, D.O.O.</Nm>
          <PstlAdr>
            <Ctry>SI</Ctry>
            <AdrLine>GOLOUHOVA ULICA 28</AdrLine>
            <AdrLine>1000 LJUBLJANA</AdrLine>
          </PstlAdr>
        </Dbtr>
        <DbtrAcct>
          <Id>
            <IBAN>SI56290000050690990</IBAN>
          </Id>
        </DbtrAcct>
        <Cdtr>
          <Nm>BS LJUBLJANA BARJE I-S LJUBLJANA-SI</Nm>
          <PstlAdr>
            <Ctry>SI</Ctry>
            <AdrLine>-</AdrLine>
            <AdrLine>-</AdrLine>
          </PstlAdr>
        </Cdtr>
        <CdtrAcct>
          <Id>
            <Othr>
              <Id>-</Id>
            </Othr>
          </Id>
        </CdtrAcct>
      </RltdPties>
      <RltdAgts>
        <DbtrAgt>
          <FinInstnId>
            <BIC>BACXSI22</BIC>
          </FinInstnId>
        </DbtrAgt>
        <CdtrAgt>
          <FinInstnId>
            <BIC>BACXSI22</BIC>
          </FinInstnId>
        </CdtrAgt>
      </RltdAgts>
      <RmtInf>
        <Ustrd>POS nakup /Card 6771-XXXX-XXXX-XXXX-366 /42,25 EUR 30/03/17</Ustrd>
      </RmtInf>
      <RltdDts>
        <IntrBkSttlmDt>2017-04-03</IntrBkSttlmDt>
      </RltdDts>
    </TxDtls>
  </NtryDtls>

</Ntry>
<Ntry>

  <Amt Ccy="EUR">8.90</Amt>

  <CdtDbtInd>DBIT</CdtDbtInd>

  <Sts>BOOK</Sts>

  <BookgDt>
    <Dt>2017-04-03</Dt>
  </BookgDt>

  <ValDt>
    <Dt>2017-03-31</Dt>
  </ValDt>

  <AcctSvcrRef>10001QC2QU7FB3FQ</AcctSvcrRef>

  <BkTxCd>
    <Prtry>
      <Cd>NOTPROVIDED</Cd>
    </Prtry>
  </BkTxCd>

  <NtryDtls>
    <TxDtls>
      <Refs>
        <EndToEndId>NOTPROVIDED</EndToEndId>
        <TxId>20170403000271//CLT2-1707012651/374</TxId>
      </Refs>
      <RltdPties>
        <Dbtr>
          <Nm>FREJA, D.O.O.</Nm>
          <PstlAdr>
            <Ctry>SI</Ctry>
            <AdrLine>GOLOUHOVA ULICA 28</AdrLine>
            <AdrLine>1000 LJUBLJANA</AdrLine>
          </PstlAdr>
        </Dbtr>
        <DbtrAcct>
          <Id>
            <IBAN>SI56290000050690990</IBAN>
          </Id>
        </DbtrAcct>
        <Cdtr>
          <Nm>BS HRUSICA II-S JESENICE-SI</Nm>
          <PstlAdr>
            <Ctry>SI</Ctry>
            <AdrLine>-</AdrLine>
            <AdrLine>-</AdrLine>
          </PstlAdr>
        </Cdtr>
        <CdtrAcct>
          <Id>
            <Othr>
              <Id>-</Id>
            </Othr>
          </Id>
        </CdtrAcct>
      </RltdPties>
      <RltdAgts>
        <DbtrAgt>
          <FinInstnId>
            <BIC>BACXSI22</BIC>
          </FinInstnId>
        </DbtrAgt>
        <CdtrAgt>
          <FinInstnId>
            <BIC>BACXSI22</BIC>
          </FinInstnId>
        </CdtrAgt>
      </RltdAgts>
      <RmtInf>
        <Ustrd>POS nakup /Card 6771-XXXX-XXXX-XXXX-366 /8,90 EUR 30/03/17</Ustrd>
      </RmtInf>
      <RltdDts>
        <IntrBkSttlmDt>2017-04-03</IntrBkSttlmDt>
      </RltdDts>
    </TxDtls>
  </NtryDtls>

</Ntry>
<Ntry>

  <Amt Ccy="EUR">11.90</Amt>

  <CdtDbtInd>DBIT</CdtDbtInd>

  <Sts>BOOK</Sts>

  <BookgDt>
    <Dt>2017-04-03</Dt>
  </BookgDt>

  <ValDt>
    <Dt>2017-04-01</Dt>
  </ValDt>

  <AcctSvcrRef>10001QC2QU7FB3FS</AcctSvcrRef>

  <BkTxCd>
    <Prtry>
      <Cd>NOTPROVIDED</Cd>
    </Prtry>
  </BkTxCd>

  <NtryDtls>
    <TxDtls>
      <Refs>
        <EndToEndId>NOTPROVIDED</EndToEndId>
        <TxId>20170403000378//CLT2-1707107499/374</TxId>
      </Refs>
      <RltdPties>
        <Dbtr>
          <Nm>FREJA, D.O.O.</Nm>
          <PstlAdr>
            <Ctry>SI</Ctry>
            <AdrLine>GOLOUHOVA ULICA 28</AdrLine>
            <AdrLine>1000 LJUBLJANA</AdrLine>
          </PstlAdr>
        </Dbtr>
        <DbtrAcct>
          <Id>
            <IBAN>SI56290000050690990</IBAN>
          </Id>
        </DbtrAcct>
        <Cdtr>
          <Nm>BS LJUBLJANA II-Z LJUBLJANA-SI</Nm>
          <PstlAdr>
            <Ctry>SI</Ctry>
            <AdrLine>-</AdrLine>
            <AdrLine>-</AdrLine>
          </PstlAdr>
        </Cdtr>
        <CdtrAcct>
          <Id>
            <Othr>
              <Id>-</Id>
            </Othr>
          </Id>
        </CdtrAcct>
      </RltdPties>
      <RltdAgts>
        <DbtrAgt>
          <FinInstnId>
            <BIC>BACXSI22</BIC>
          </FinInstnId>
        </DbtrAgt>
        <CdtrAgt>
          <FinInstnId>
            <BIC>BACXSI22</BIC>
          </FinInstnId>
        </CdtrAgt>
      </RltdAgts>
      <RmtInf>
        <Ustrd>POS nakup /Card 6771-XXXX-XXXX-XXXX-338 /11,90 EUR 31/03/17</Ustrd>
      </RmtInf>
      <RltdDts>
        <IntrBkSttlmDt>2017-04-03</IntrBkSttlmDt>
      </RltdDts>
    </TxDtls>
  </NtryDtls>

</Ntry>
<Ntry>

  <Amt Ccy="EUR">15.10</Amt>

  <CdtDbtInd>CRDT</CdtDbtInd>

  <Sts>BOOK</Sts>

  <BookgDt>
    <Dt>2017-04-03</Dt>
  </BookgDt>

  <ValDt>
    <Dt>2017-04-03</Dt>
  </ValDt>

  <AcctSvcrRef>10001QC2QU7N8EG0</AcctSvcrRef>

  <BkTxCd>
    <Prtry>
      <Cd>NOTPROVIDED</Cd>
    </Prtry>
  </BkTxCd>

  <NtryDtls>
    <TxDtls>
      <Refs>
        <EndToEndId>NOTPROVIDED</EndToEndId>
        <TxId>20170403610065//00136913623/540</TxId>
      </Refs>
      <RltdPties>
        <Dbtr>
          <Nm>MARKO BRADAC </Nm>
          <PstlAdr>
            <Ctry>SI</Ctry>
            <AdrLine>RIMSKA CESTA 70 8250 BREZICE</AdrLine>
            <AdrLine>-</AdrLine>
          </PstlAdr>
        </Dbtr>
        <DbtrAcct>
          <Id>
            <IBAN>SI56023731997179684</IBAN>
          </Id>
        </DbtrAcct>
        <Cdtr>
          <Nm>FREJA, D.O.O.</Nm>
          <PstlAdr>
            <Ctry>SI</Ctry>
            <AdrLine>GOLOUHOVA ULICA 28</AdrLine>
            <AdrLine>1000 LJUBLJANA</AdrLine>
          </PstlAdr>
        </Cdtr>
        <CdtrAcct>
          <Id>
            <IBAN>SI56290000050690990</IBAN>
          </Id>
        </CdtrAcct>
      </RltdPties>
      <RltdAgts>
        <DbtrAgt>
          <FinInstnId>
            <BIC>LJBASI2X</BIC>
          </FinInstnId>
        </DbtrAgt>
        <CdtrAgt>
          <FinInstnId>
            <BIC>BACXSI22</BIC>
          </FinInstnId>
        </CdtrAgt>
      </RltdAgts>
      <Purp>
        <Cd>WEBI</Cd>
      </Purp>
      <RmtInf>
        <Strd>
          <CdtrRefInf>
            <Ref>SI002017-16496</Ref>
          </CdtrRefInf>
          <AddtlRmtInf>INTERNETNO INICIIRANA TRANSAKCIJA</AddtlRmtInf>
        </Strd>
      </RmtInf>
      <RltdDts>
        <IntrBkSttlmDt>2017-04-03</IntrBkSttlmDt>
      </RltdDts>
    </TxDtls>
  </NtryDtls>

</Ntry>
<Ntry>

  <Amt Ccy="EUR">910.56</Amt>

  <CdtDbtInd>CRDT</CdtDbtInd>

  <Sts>BOOK</Sts>

  <BookgDt>
    <Dt>2017-04-03</Dt>
  </BookgDt>

  <ValDt>
    <Dt>2017-04-03</Dt>
  </ValDt>

  <AcctSvcrRef>10001QC2QU84R4R4</AcctSvcrRef>

  <BkTxCd>
    <Prtry>
      <Cd>NOTPROVIDED</Cd>
    </Prtry>
  </BkTxCd>

  <NtryDtls>
    <TxDtls>
      <Refs>
        <EndToEndId>NOTPROVIDED</EndToEndId>
        <TxId>20170403610080//00136940538/540</TxId>
      </Refs>
      <RltdPties>
        <Dbtr>
          <Nm>POSTA SLOVENIJE D.O.O. </Nm>
          <PstlAdr>
            <Ctry>SI</Ctry>
            <AdrLine>SLOMSKOV TRG 10 2000 MARIBOR SI</AdrLine>
            <AdrLine>-</AdrLine>
          </PstlAdr>
        </Dbtr>
        <DbtrAcct>
          <Id>
            <IBAN>SI56045150001110867</IBAN>
          </Id>
        </DbtrAcct>
        <Cdtr>
          <Nm>FREJA, D.O.O.</Nm>
          <PstlAdr>
            <Ctry>SI</Ctry>
            <AdrLine>GOLOUHOVA ULICA 28</AdrLine>
            <AdrLine>1000 LJUBLJANA</AdrLine>
          </PstlAdr>
        </Cdtr>
        <CdtrAcct>
          <Id>
            <IBAN>SI56290000050690990</IBAN>
          </Id>
        </CdtrAcct>
      </RltdPties>
      <RltdAgts>
        <DbtrAgt>
          <FinInstnId>
            <BIC>KBMASI2X</BIC>
          </FinInstnId>
        </DbtrAgt>
        <CdtrAgt>
          <FinInstnId>
            <BIC>BACXSI22</BIC>
          </FinInstnId>
        </CdtrAgt>
      </RltdAgts>
      <Purp>
        <Cd>OTHR</Cd>
      </Purp>
      <RmtInf>
        <Strd>
          <CdtrRefInf>
            <Ref>SI00099-126256-913198</Ref>
          </CdtrRefInf>
          <AddtlRmtInf>DRUGO</AddtlRmtInf>
        </Strd>
      </RmtInf>
      <RltdDts>
        <IntrBkSttlmDt>2017-04-03</IntrBkSttlmDt>
      </RltdDts>
    </TxDtls>
  </NtryDtls>

</Ntry>
<Ntry>

  <Amt Ccy="EUR">1773.53</Amt>

  <CdtDbtInd>CRDT</CdtDbtInd>

  <Sts>BOOK</Sts>

  <BookgDt>
    <Dt>2017-04-03</Dt>
  </BookgDt>

  <ValDt>
    <Dt>2017-04-03</Dt>
  </ValDt>

  <AcctSvcrRef>10001QC2QU8QDJX0</AcctSvcrRef>

  <BkTxCd>
    <Prtry>
      <Cd>NOTPROVIDED</Cd>
    </Prtry>
  </BkTxCd>

  <NtryDtls>
    <TxDtls>
      <Refs>
        <EndToEndId>RE201703310031164-301569790</EndToEndId>
        <TxId>20170403514943//7093903140/100</TxId>
      </Refs>
      <RltdPties>
        <Dbtr>
          <Nm>SIX PAYMENT SERVICES (AUT), ATU1535 5906</Nm>
          <PstlAdr>
            <Ctry>AT</Ctry>
            <AdrLine>1030 MARXERGASSE 1B</AdrLine>
            <AdrLine>-</AdrLine>
          </PstlAdr>
        </Dbtr>
        <DbtrAcct>
          <Id>
            <IBAN>AT447603020000000009</IBAN>
          </Id>
        </DbtrAcct>
        <Cdtr>
          <Nm>FREJA, D.O.O.</Nm>
          <PstlAdr>
            <Ctry>SI</Ctry>
            <AdrLine>GOLOUHOVA ULICA 28</AdrLine>
            <AdrLine>1000 LJUBLJANA</AdrLine>
          </PstlAdr>
        </Cdtr>
        <CdtrAcct>
          <Id>
            <IBAN>SI56290000050690990</IBAN>
          </Id>
        </CdtrAcct>
      </RltdPties>
      <RltdAgts>
        <DbtrAgt>
          <FinInstnId>
            <BIC>PLBKATWWXXX</BIC>
          </FinInstnId>
        </DbtrAgt>
        <CdtrAgt>
          <FinInstnId>
            <BIC>BACXSI22XXX</BIC>
          </FinInstnId>
        </CdtrAgt>
      </RltdAgts>
      <Purp>
        <Cd>GDSV</Cd>
      </Purp>
      <RmtInf>
        <Ustrd>RE201703310031164-301569790/BR+1790,04/DI-16,51/DM0331+1289,29/CM0331+188,15/CV0331+312,60</Ustrd>
      </RmtInf>
      <RltdDts>
        <IntrBkSttlmDt>2017-04-03</IntrBkSttlmDt>
      </RltdDts>
    </TxDtls>
  </NtryDtls>

</Ntry>
<Ntry>

  <Amt Ccy="EUR">3860.00</Amt>

  <CdtDbtInd>DBIT</CdtDbtInd>

  <Sts>BOOK</Sts>

  <BookgDt>
    <Dt>2017-04-03</Dt>
  </BookgDt>

  <ValDt>
    <Dt>2017-04-03</Dt>
  </ValDt>

  <AcctSvcrRef>10001QC2QU8T7T6J</AcctSvcrRef>

  <BkTxCd>
    <Prtry>
      <Cd>NOTPROVIDED</Cd>
    </Prtry>
  </BkTxCd>

  <NtryDtls>
    <TxDtls>
      <Refs>
        <InstrId>10001QC2QTR3LKCU</InstrId>
        <EndToEndId>NOTPROVIDED</EndToEndId>
        <TxId>20170403610100//00136956246/508</TxId>
      </Refs>
      <RltdPties>
        <Dbtr>
          <Nm>FREJA, D.O.O.</Nm>
          <PstlAdr>
            <Ctry>SI</Ctry>
            <AdrLine>GOLOUHOVA ULICA 28</AdrLine>
            <AdrLine>1000 LJUBLJANA</AdrLine>
          </PstlAdr>
        </Dbtr>
        <DbtrAcct>
          <Id>
            <IBAN>SI56290000050690990</IBAN>
          </Id>
        </DbtrAcct>
        <Cdtr>
          <Nm>FANCI D.O.O. </Nm>
          <PstlAdr>
            <Ctry>SI</Ctry>
            <AdrLine>GOLOUHOVA ULICA 30 1000 LJUBLJANA</AdrLine>
            <AdrLine>-</AdrLine>
          </PstlAdr>
        </Cdtr>
        <CdtrAcct>
          <Id>
            <IBAN>SI56290000051090727</IBAN>
          </Id>
        </CdtrAcct>
      </RltdPties>
      <RltdAgts>
        <DbtrAgt>
          <FinInstnId>
            <BIC>BACXSI22</BIC>
          </FinInstnId>
        </DbtrAgt>
        <CdtrAgt>
          <FinInstnId>
            <BIC>BACXSI22</BIC>
          </FinInstnId>
        </CdtrAgt>
      </RltdAgts>
      <Purp>
        <Cd>SUPP</Cd>
      </Purp>
      <RmtInf>
        <Strd>
          <CdtrRefInf>
            <Ref>SI000</Ref>
          </CdtrRefInf>
          <AddtlRmtInf>PLR</AddtlRmtInf>
        </Strd>
      </RmtInf>
      <RltdDts>
        <IntrBkSttlmDt>2017-04-03</IntrBkSttlmDt>
      </RltdDts>
    </TxDtls>
  </NtryDtls>

</Ntry>
<Ntry>

  <Amt Ccy="EUR">25.59</Amt>

  <CdtDbtInd>CRDT</CdtDbtInd>

  <Sts>BOOK</Sts>

  <BookgDt>
    <Dt>2017-04-03</Dt>
  </BookgDt>

  <ValDt>
    <Dt>2017-04-03</Dt>
  </ValDt>

  <AcctSvcrRef>10001QC2QU90DB2G</AcctSvcrRef>

  <BkTxCd>
    <Prtry>
      <Cd>NOTPROVIDED</Cd>
    </Prtry>
  </BkTxCd>

  <NtryDtls>
    <TxDtls>
      <Refs>
        <EndToEndId>NOTPROVIDED</EndToEndId>
        <TxId>20170403610104//00136963988/540</TxId>
      </Refs>
      <RltdPties>
        <Dbtr>
          <Nm>LEPOTNI STUDIO LOOX, KOZMETICNE STO RITVE, ALENKA KNEP S.P.</Nm>
          <PstlAdr>
            <Ctry>SI</Ctry>
            <AdrLine>TRZASKA CESTA 37B LJUBLJANA</AdrLine>
            <AdrLine>-</AdrLine>
          </PstlAdr>
        </Dbtr>
        <DbtrAcct>
          <Id>
            <IBAN>SI56020530261777773</IBAN>
          </Id>
        </DbtrAcct>
        <Cdtr>
          <Nm>FREJA, D.O.O.</Nm>
          <PstlAdr>
            <Ctry>SI</Ctry>
            <AdrLine>GOLOUHOVA ULICA 28</AdrLine>
            <AdrLine>1000 LJUBLJANA</AdrLine>
          </PstlAdr>
        </Cdtr>
        <CdtrAcct>
          <Id>
            <IBAN>SI56290000050690990</IBAN>
          </Id>
        </CdtrAcct>
      </RltdPties>
      <RltdAgts>
        <DbtrAgt>
          <FinInstnId>
            <BIC>LJBASI2X</BIC>
          </FinInstnId>
        </DbtrAgt>
        <CdtrAgt>
          <FinInstnId>
            <BIC>BACXSI22</BIC>
          </FinInstnId>
        </CdtrAgt>
      </RltdAgts>
      <Purp>
        <Cd>CMDT</Cd>
      </Purp>
      <RmtInf>
        <Strd>
          <CdtrRefInf>
            <Ref>SI002017-16584</Ref>
          </CdtrRefInf>
          <AddtlRmtInf>PRENOS BLAGA</AddtlRmtInf>
        </Strd>
      </RmtInf>
      <RltdDts>
        <IntrBkSttlmDt>2017-04-03</IntrBkSttlmDt>
      </RltdDts>
    </TxDtls>
  </NtryDtls>

</Ntry>
<Ntry>

  <Amt Ccy="EUR">550.00</Amt>

  <CdtDbtInd>DBIT</CdtDbtInd>

  <Sts>BOOK</Sts>

  <BookgDt>
    <Dt>2017-04-03</Dt>
  </BookgDt>

  <ValDt>
    <Dt>2017-04-03</Dt>
  </ValDt>

  <AcctSvcrRef>10001QC2QU94KJ76</AcctSvcrRef>

  <BkTxCd>
    <Prtry>
      <Cd>NOTPROVIDED</Cd>
    </Prtry>
  </BkTxCd>

  <NtryDtls>
    <TxDtls>
      <Refs>
        <InstrId>10001QC2QU8RL57L</InstrId>
        <EndToEndId>NOTPROVIDED</EndToEndId>
        <TxId>20170403610108//00136965861/508</TxId>
      </Refs>
      <RltdPties>
        <Dbtr>
          <Nm>FREJA, D.O.O.</Nm>
          <PstlAdr>
            <Ctry>SI</Ctry>
            <AdrLine>GOLOUHOVA ULICA 28</AdrLine>
            <AdrLine>1000 LJUBLJANA</AdrLine>
          </PstlAdr>
        </Dbtr>
        <DbtrAcct>
          <Id>
            <IBAN>SI56290000050690990</IBAN>
          </Id>
        </DbtrAcct>
        <Cdtr>
          <Nm>FANCI D.O.O. </Nm>
          <PstlAdr>
            <Ctry>SI</Ctry>
            <AdrLine>GOLOUHOVA ULICA 30 1000 LJUBLJANA</AdrLine>
            <AdrLine>-</AdrLine>
          </PstlAdr>
        </Cdtr>
        <CdtrAcct>
          <Id>
            <IBAN>SI56290000051090727</IBAN>
          </Id>
        </CdtrAcct>
      </RltdPties>
      <RltdAgts>
        <DbtrAgt>
          <FinInstnId>
            <BIC>BACXSI22</BIC>
          </FinInstnId>
        </DbtrAgt>
        <CdtrAgt>
          <FinInstnId>
            <BIC>BACXSI22</BIC>
          </FinInstnId>
        </CdtrAgt>
      </RltdAgts>
      <Purp>
        <Cd>SUPP</Cd>
      </Purp>
      <RmtInf>
        <Strd>
          <CdtrRefInf>
            <Ref>SI000</Ref>
          </CdtrRefInf>
          <AddtlRmtInf>PLR</AddtlRmtInf>
        </Strd>
      </RmtInf>
      <RltdDts>
        <IntrBkSttlmDt>2017-04-03</IntrBkSttlmDt>
      </RltdDts>
    </TxDtls>
  </NtryDtls>

</Ntry>
<Ntry>

  <Amt Ccy="EUR">356.97</Amt>

  <CdtDbtInd>CRDT</CdtDbtInd>

  <Sts>BOOK</Sts>

  <BookgDt>
    <Dt>2017-04-03</Dt>
  </BookgDt>

  <ValDt>
    <Dt>2017-04-03</Dt>
  </ValDt>

  <AcctSvcrRef>10001QC2QU9A7CDQ</AcctSvcrRef>

  <BkTxCd>
    <Prtry>
      <Cd>NOTPROVIDED</Cd>
    </Prtry>
  </BkTxCd>

  <NtryDtls>
    <TxDtls>
      <Refs>
        <EndToEndId>RE201704010019153-301569790</EndToEndId>
        <TxId>20170403515625//7093904065/100</TxId>
      </Refs>
      <RltdPties>
        <Dbtr>
          <Nm>SIX PAYMENT SERVICES (AUT), ATU1535 5906</Nm>
          <PstlAdr>
            <Ctry>AT</Ctry>
            <AdrLine>1030 MARXERGASSE 1B</AdrLine>
            <AdrLine>-</AdrLine>
          </PstlAdr>
        </Dbtr>
        <DbtrAcct>
          <Id>
            <IBAN>AT447603020000000009</IBAN>
          </Id>
        </DbtrAcct>
        <Cdtr>
          <Nm>FREJA, D.O.O.</Nm>
          <PstlAdr>
            <Ctry>SI</Ctry>
            <AdrLine>GOLOUHOVA ULICA 28</AdrLine>
            <AdrLine>1000 LJUBLJANA</AdrLine>
          </PstlAdr>
        </Cdtr>
        <CdtrAcct>
          <Id>
            <IBAN>SI56290000050690990</IBAN>
          </Id>
        </CdtrAcct>
      </RltdPties>
      <RltdAgts>
        <DbtrAgt>
          <FinInstnId>
            <BIC>PLBKATWWXXX</BIC>
          </FinInstnId>
        </DbtrAgt>
        <CdtrAgt>
          <FinInstnId>
            <BIC>BACXSI22XXX</BIC>
          </FinInstnId>
        </CdtrAgt>
      </RltdAgts>
      <Purp>
        <Cd>GDSV</Cd>
      </Purp>
      <RmtInf>
        <Ustrd>RE201704010019153-301569790/BR+360,36/DI-3,39/DM0401+161,10/CM0401+126,92/CV0401+72,34</Ustrd>
      </RmtInf>
      <RltdDts>
        <IntrBkSttlmDt>2017-04-03</IntrBkSttlmDt>
      </RltdDts>
    </TxDtls>
  </NtryDtls>

</Ntry>
<Ntry>

  <Amt Ccy="EUR">550.00</Amt>

  <CdtDbtInd>CRDT</CdtDbtInd>

  <Sts>BOOK</Sts>

  <BookgDt>
    <Dt>2017-04-03</Dt>
  </BookgDt>

  <ValDt>
    <Dt>2017-04-03</Dt>
  </ValDt>

  <AcctSvcrRef>10001QC2QUAF9NQQ</AcctSvcrRef>

  <BkTxCd>
    <Prtry>
      <Cd>NOTPROVIDED</Cd>
    </Prtry>
  </BkTxCd>

  <NtryDtls>
    <TxDtls>
      <Refs>
        <EndToEndId>NOTPROVIDED</EndToEndId>
        <TxId>20170403668071///510</TxId>
      </Refs>
      <RltdPties>
        <Dbtr>
          <Nm>-</Nm>
          <PstlAdr>
            <Ctry>SI</Ctry>
            <AdrLine>-</AdrLine>
            <AdrLine>-</AdrLine>
          </PstlAdr>
        </Dbtr>
        <DbtrAcct>
          <Id>
            <Othr>
              <Id>-</Id>
            </Othr>
          </Id>
        </DbtrAcct>
        <Cdtr>
          <Nm>FREJA, D.O.O.</Nm>
          <PstlAdr>
            <Ctry>SI</Ctry>
            <AdrLine>GOLOUHOVA ULICA 28</AdrLine>
            <AdrLine>1000 LJUBLJANA</AdrLine>
          </PstlAdr>
        </Cdtr>
        <CdtrAcct>
          <Id>
            <IBAN>SI56290000050690990</IBAN>
          </Id>
        </CdtrAcct>
      </RltdPties>
      <RltdAgts>
        <DbtrAgt>
          <FinInstnId>
            <BIC>BACXSI22</BIC>
          </FinInstnId>
        </DbtrAgt>
        <CdtrAgt>
          <FinInstnId>
            <BIC>BACXSI22</BIC>
          </FinInstnId>
        </CdtrAgt>
      </RltdAgts>
      <RmtInf>
        <Ustrd>POLOG GOTOVINE CAK-LCD/1612/A/0062</Ustrd>
      </RmtInf>
      <RltdDts>
        <IntrBkSttlmDt>2017-04-03</IntrBkSttlmDt>
      </RltdDts>
    </TxDtls>
  </NtryDtls>

</Ntry></Stmt>

  </BkToCstmrStmt>

</Document>

