<?xml version="1.0" encoding="UTF-8" standalone="yes"?>
<Document xmlns="urn:iso:std:iso:20022:tech:xsd:camt.053.001.02" xmlns:xsi="http://www.w3.org/2001/XMLSchema-instance" xsi:schemaLocation="urn:iso:std:iso:20022:tech:xsd:camt.053.001.02 ./camt.053.001.02.xsd">
  <BkToCstmrStmt>
    <GrpHdr>
      <MsgId>2017-01-17T09:13:22/3828</MsgId>
      <CreDtTm>2017-01-17T09:13:22</CreDtTm>
    </GrpHdr>
    <Stmt>
      <Id>10001QC2QB13E1CN</Id>
      <LglSeqNb>244</LglSeqNb>
      <CreDtTm>2016-12-19T00:00:00</CreDtTm>
      <Acct>
        <Id>
          <IBAN>SI56290000050690990</IBAN>
        </Id>
        <Ownr>
          <Nm>FREJA, D.O.O.</Nm>
          <PstlAdr>
            <Ctry>SI</Ctry>
            <AdrLine>GOLOUHOVA ULICA 28</AdrLine>
            <AdrLine>1000 LJUBLJANA</AdrLine>
          </PstlAdr>
        </Ownr>
      </Acct>
      <Bal>
        <Tp>
          <CdOrPrtry>
            <Cd>OPBD</Cd>
          </CdOrPrtry>
        </Tp>
        <Amt Ccy="EUR">2596.59</Amt>
        <CdtDbtInd>CRDT</CdtDbtInd>
        <Dt>
          <Dt>2016-12-16</Dt>
        </Dt>
      </Bal>
      <Bal>
        <Tp>
          <CdOrPrtry>
            <Cd>CLBD</Cd>
          </CdOrPrtry>
        </Tp>
        <Amt Ccy="EUR">4917.28</Amt>
        <CdtDbtInd>CRDT</CdtDbtInd>
        <Dt>
          <Dt>2016-12-19</Dt>
        </Dt>
      </Bal>
      <TxsSummry>
        <TtlCdtNtries>
          <NbOfNtries>5</NbOfNtries>
          <Sum>4879.53</Sum>
        </TtlCdtNtries>
        <TtlDbtNtries>
          <NbOfNtries>7</NbOfNtries>
          <Sum>2558.84</Sum>
        </TtlDbtNtries>
      </TxsSummry>
      <Ntry>
        <Amt Ccy="EUR">102.16</Amt>
        <CdtDbtInd>DBIT</CdtDbtInd>
        <Sts>BOOK</Sts>
        <BookgDt>
          <Dt>2016-12-19</Dt>
        </BookgDt>
        <ValDt>
          <Dt>2016-12-16</Dt>
        </ValDt>
        <AcctSvcrRef>10001QC2QAVYSP4X</AcctSvcrRef>
        <BkTxCd>
          <Prtry>
            <Cd>NOTPROVIDED</Cd>
          </Prtry>
        </BkTxCd>
        <NtryDtls>
          <TxDtls>
            <Refs>
              <EndToEndId>NOTPROVIDED</EndToEndId>
              <TxId>20161219002192//CLT2-1626908986/374</TxId>
            </Refs>
            <RltdPties>
              <Dbtr>
                <Nm>FREJA, D.O.O.</Nm>
                <PstlAdr>
                  <Ctry>SI</Ctry>
                  <AdrLine>GOLOUHOVA ULICA 28</AdrLine>
                  <AdrLine>1000 LJUBLJANA</AdrLine>
                </PstlAdr>
              </Dbtr>
              <DbtrAcct>
                <Id>
                  <IBAN>SI56290000050690990</IBAN>
                </Id>
              </DbtrAcct>
              <Cdtr>
                <Nm>271 LIDL PE LJUBLJANA LJUBLJANA-SI</Nm>
                <PstlAdr>
                  <Ctry>SI</Ctry>
                  <AdrLine>-</AdrLine>
                  <AdrLine>-</AdrLine>
                </PstlAdr>
              </Cdtr>
              <CdtrAcct>
                <Id>
                  <Othr>
                    <Id>-</Id>
                  </Othr>
                </Id>
              </CdtrAcct>
            </RltdPties>
            <RltdAgts>
              <DbtrAgt>
                <FinInstnId>
                  <BIC>BACXSI22</BIC>
                </FinInstnId>
              </DbtrAgt>
              <CdtrAgt>
                <FinInstnId>
                  <BIC>BACXSI22</BIC>
                </FinInstnId>
              </CdtrAgt>
            </RltdAgts>
            <RmtInf>
              <Ustrd>POS nakup /Card 6771-XXXX-XXXX-XXXX-366 /102,16 EUR 15/12/16</Ustrd>
            </RmtInf>
            <RltdDts>
              <IntrBkSttlmDt>2016-12-19</IntrBkSttlmDt>
            </RltdDts>
          </TxDtls>
        </NtryDtls>
      </Ntry>
      <Ntry>
        <Amt Ccy="EUR">115.40</Amt>
        <CdtDbtInd>DBIT</CdtDbtInd>
        <Sts>BOOK</Sts>
        <BookgDt>
          <Dt>2016-12-19</Dt>
        </BookgDt>
        <ValDt>
          <Dt>2016-12-16</Dt>
        </ValDt>
        <AcctSvcrRef>10001QC2QAVYSP92</AcctSvcrRef>
        <BkTxCd>
          <Prtry>
            <Cd>NOTPROVIDED</Cd>
          </Prtry>
        </BkTxCd>
        <NtryDtls>
          <TxDtls>
            <Refs>
              <EndToEndId>NOTPROVIDED</EndToEndId>
              <TxId>20161219002222//CLT2-1626916088/374</TxId>
            </Refs>
            <RltdPties>
              <Dbtr>
                <Nm>FREJA, D.O.O.</Nm>
                <PstlAdr>
                  <Ctry>SI</Ctry>
                  <AdrLine>GOLOUHOVA ULICA 28</AdrLine>
                  <AdrLine>1000 LJUBLJANA</AdrLine>
                </PstlAdr>
              </Dbtr>
              <DbtrAcct>
                <Id>
                  <IBAN>SI56290000050690990</IBAN>
                </Id>
              </DbtrAcct>
              <Cdtr>
                <Nm>DELKO LJUBLJANA-SI</Nm>
                <PstlAdr>
                  <Ctry>SI</Ctry>
                  <AdrLine>-</AdrLine>
                  <AdrLine>-</AdrLine>
                </PstlAdr>
              </Cdtr>
              <CdtrAcct>
                <Id>
                  <Othr>
                    <Id>-</Id>
                  </Othr>
                </Id>
              </CdtrAcct>
            </RltdPties>
            <RltdAgts>
              <DbtrAgt>
                <FinInstnId>
                  <BIC>BACXSI22</BIC>
                </FinInstnId>
              </DbtrAgt>
              <CdtrAgt>
                <FinInstnId>
                  <BIC>BACXSI22</BIC>
                </FinInstnId>
              </CdtrAgt>
            </RltdAgts>
            <RmtInf>
              <Ustrd>POS nakup /Card 6771-XXXX-XXXX-XXXX-358 /115,40 EUR 15/12/16</Ustrd>
            </RmtInf>
            <RltdDts>
              <IntrBkSttlmDt>2016-12-19</IntrBkSttlmDt>
            </RltdDts>
          </TxDtls>
        </NtryDtls>
      </Ntry>
      <Ntry>
        <Amt Ccy="EUR">178.77</Amt>
        <CdtDbtInd>DBIT</CdtDbtInd>
        <Sts>BOOK</Sts>
        <BookgDt>
          <Dt>2016-12-19</Dt>
        </BookgDt>
        <ValDt>
          <Dt>2016-12-16</Dt>
        </ValDt>
        <AcctSvcrRef>10001QC2QAVYSP94</AcctSvcrRef>
        <BkTxCd>
          <Prtry>
            <Cd>NOTPROVIDED</Cd>
          </Prtry>
        </BkTxCd>
        <NtryDtls>
          <TxDtls>
            <Refs>
              <EndToEndId>NOTPROVIDED</EndToEndId>
              <TxId>20161219002225//CLT2-1626917508/374</TxId>
            </Refs>
            <RltdPties>
              <Dbtr>
                <Nm>FREJA, D.O.O.</Nm>
                <PstlAdr>
                  <Ctry>SI</Ctry>
                  <AdrLine>GOLOUHOVA ULICA 28</AdrLine>
                  <AdrLine>1000 LJUBLJANA</AdrLine>
                </PstlAdr>
              </Dbtr>
              <DbtrAcct>
                <Id>
                  <IBAN>SI56290000050690990</IBAN>
                </Id>
              </DbtrAcct>
              <Cdtr>
                <Nm>BIG BANG BTC LJUBLJANA-SI</Nm>
                <PstlAdr>
                  <Ctry>SI</Ctry>
                  <AdrLine>-</AdrLine>
                  <AdrLine>-</AdrLine>
                </PstlAdr>
              </Cdtr>
              <CdtrAcct>
                <Id>
                  <Othr>
                    <Id>-</Id>
                  </Othr>
                </Id>
              </CdtrAcct>
            </RltdPties>
            <RltdAgts>
              <DbtrAgt>
                <FinInstnId>
                  <BIC>BACXSI22</BIC>
                </FinInstnId>
              </DbtrAgt>
              <CdtrAgt>
                <FinInstnId>
                  <BIC>BACXSI22</BIC>
                </FinInstnId>
              </CdtrAgt>
            </RltdAgts>
            <RmtInf>
              <Ustrd>POS nakup /Card 6771-XXXX-XXXX-XXXX-358 /178,77 EUR 15/12/16</Ustrd>
            </RmtInf>
            <RltdDts>
              <IntrBkSttlmDt>2016-12-19</IntrBkSttlmDt>
            </RltdDts>
          </TxDtls>
        </NtryDtls>
      </Ntry>
      <Ntry>
        <Amt Ccy="EUR">10.43</Amt>
        <CdtDbtInd>DBIT</CdtDbtInd>
        <Sts>BOOK</Sts>
        <BookgDt>
          <Dt>2016-12-19</Dt>
        </BookgDt>
        <ValDt>
          <Dt>2016-12-16</Dt>
        </ValDt>
        <AcctSvcrRef>10001QC2QAVYSP9A</AcctSvcrRef>
        <BkTxCd>
          <Prtry>
            <Cd>NOTPROVIDED</Cd>
          </Prtry>
        </BkTxCd>
        <NtryDtls>
          <TxDtls>
            <Refs>
              <EndToEndId>NOTPROVIDED</EndToEndId>
              <TxId>20161219002245//CLT2-1626909343/374</TxId>
            </Refs>
            <RltdPties>
              <Dbtr>
                <Nm>FREJA, D.O.O.</Nm>
                <PstlAdr>
                  <Ctry>SI</Ctry>
                  <AdrLine>GOLOUHOVA ULICA 28</AdrLine>
                  <AdrLine>1000 LJUBLJANA</AdrLine>
                </PstlAdr>
              </Dbtr>
              <DbtrAcct>
                <Id>
                  <IBAN>SI56290000050690990</IBAN>
                </Id>
              </DbtrAcct>
              <Cdtr>
                <Nm>BAUHAUS d.o.o., k.d. 9 Ljubljana-SI</Nm>
                <PstlAdr>
                  <Ctry>SI</Ctry>
                  <AdrLine>-</AdrLine>
                  <AdrLine>-</AdrLine>
                </PstlAdr>
              </Cdtr>
              <CdtrAcct>
                <Id>
                  <Othr>
                    <Id>-</Id>
                  </Othr>
                </Id>
              </CdtrAcct>
            </RltdPties>
            <RltdAgts>
              <DbtrAgt>
                <FinInstnId>
                  <BIC>BACXSI22</BIC>
                </FinInstnId>
              </DbtrAgt>
              <CdtrAgt>
                <FinInstnId>
                  <BIC>BACXSI22</BIC>
                </FinInstnId>
              </CdtrAgt>
            </RltdAgts>
            <RmtInf>
              <Ustrd>POS nakup /Card 6771-XXXX-XXXX-XXXX-338 /10,43 EUR 15/12/16</Ustrd>
            </RmtInf>
            <RltdDts>
              <IntrBkSttlmDt>2016-12-19</IntrBkSttlmDt>
            </RltdDts>
          </TxDtls>
        </NtryDtls>
      </Ntry>
      <Ntry>
        <Amt Ccy="EUR">65.45</Amt>
        <CdtDbtInd>CRDT</CdtDbtInd>
        <Sts>BOOK</Sts>
        <BookgDt>
          <Dt>2016-12-19</Dt>
        </BookgDt>
        <ValDt>
          <Dt>2016-12-19</Dt>
        </ValDt>
        <AcctSvcrRef>10001QC2QAXAS4HS</AcctSvcrRef>
        <BkTxCd>
          <Prtry>
            <Cd>NOTPROVIDED</Cd>
          </Prtry>
        </BkTxCd>
        <NtryDtls>
          <TxDtls>
            <Refs>
              <EndToEndId>NAROCILO-873---SAGADIN</EndToEndId>
              <TxId>20161219631065//00131839204/540</TxId>
            </Refs>
            <RltdPties>
              <Dbtr>
                <Nm>POLONA SAGADIN </Nm>
                <PstlAdr>
                  <Ctry>SI</Ctry>
                  <AdrLine>MEDVEDOVA CESTA 3 1000 LJUBLJANA</AdrLine>
                  <AdrLine>-</AdrLine>
                </PstlAdr>
              </Dbtr>
              <DbtrAcct>
                <Id>
                  <IBAN>SI56021451340193075</IBAN>
                </Id>
              </DbtrAcct>
              <Cdtr>
                <Nm>FREJA, D.O.O.</Nm>
                <PstlAdr>
                  <Ctry>SI</Ctry>
                  <AdrLine>GOLOUHOVA ULICA 28</AdrLine>
                  <AdrLine>1000 LJUBLJANA</AdrLine>
                </PstlAdr>
              </Cdtr>
              <CdtrAcct>
                <Id>
                  <IBAN>SI56290000050690990</IBAN>
                </Id>
              </CdtrAcct>
            </RltdPties>
            <RltdAgts>
              <DbtrAgt>
                <FinInstnId>
                  <BIC>LJBASI2X</BIC>
                </FinInstnId>
              </DbtrAgt>
              <CdtrAgt>
                <FinInstnId>
                  <BIC>BACXSI22</BIC>
                </FinInstnId>
              </CdtrAgt>
            </RltdAgts>
            <Purp>
              <Cd>WEBI</Cd>
            </Purp>
            <RmtInf>
              <Strd>
                <CdtrRefInf>
                  <Ref>SI002016-873</Ref>
                </CdtrRefInf>
                <AddtlRmtInf>INTERNETNO INICIIRANA TRANSAKCIJA</AddtlRmtInf>
              </Strd>
            </RmtInf>
            <RltdDts>
              <IntrBkSttlmDt>2016-12-19</IntrBkSttlmDt>
            </RltdDts>
          </TxDtls>
        </NtryDtls>
      </Ntry>
      <Ntry>
        <Amt Ccy="EUR">700.00</Amt>
        <CdtDbtInd>CRDT</CdtDbtInd>
        <Sts>BOOK</Sts>
        <BookgDt>
          <Dt>2016-12-19</Dt>
        </BookgDt>
        <ValDt>
          <Dt>2016-12-19</Dt>
        </ValDt>
        <AcctSvcrRef>10001QC2QAY3AY7G</AcctSvcrRef>
        <BkTxCd>
          <Prtry>
            <Cd>NOTPROVIDED</Cd>
          </Prtry>
        </BkTxCd>
        <NtryDtls>
          <TxDtls>
            <Refs>
              <EndToEndId>NOTPROVIDED</EndToEndId>
              <TxId>20161219636550//00131913264/540</TxId>
            </Refs>
            <RltdPties>
              <Dbtr>
                <Nm>JARC ANJA </Nm>
                <PstlAdr>
                  <Ctry>SI</Ctry>
                  <AdrLine>PREGLOV TRG 10D 1000 LJUBLJANA</AdrLine>
                  <AdrLine>-</AdrLine>
                </PstlAdr>
              </Dbtr>
              <DbtrAcct>
                <Id>
                  <IBAN>SI56031061000688569</IBAN>
                </Id>
              </DbtrAcct>
              <Cdtr>
                <Nm>FREJA, D.O.O.</Nm>
                <PstlAdr>
                  <Ctry>SI</Ctry>
                  <AdrLine>GOLOUHOVA ULICA 28</AdrLine>
                  <AdrLine>1000 LJUBLJANA</AdrLine>
                </PstlAdr>
              </Cdtr>
              <CdtrAcct>
                <Id>
                  <IBAN>SI56290000050690990</IBAN>
                </Id>
              </CdtrAcct>
            </RltdPties>
            <RltdAgts>
              <DbtrAgt>
                <FinInstnId>
                  <BIC>SKBASI2X</BIC>
                </FinInstnId>
              </DbtrAgt>
              <CdtrAgt>
                <FinInstnId>
                  <BIC>BACXSI22</BIC>
                </FinInstnId>
              </CdtrAgt>
            </RltdAgts>
            <Purp>
              <Cd>OTHR</Cd>
            </Purp>
            <RmtInf>
              <Strd>
                <CdtrRefInf>
                  <Ref>SI99</Ref>
                </CdtrRefInf>
                <AddtlRmtInf>VRACILO</AddtlRmtInf>
              </Strd>
            </RmtInf>
            <RltdDts>
              <IntrBkSttlmDt>2016-12-19</IntrBkSttlmDt>
            </RltdDts>
          </TxDtls>
        </NtryDtls>
      </Ntry>
      <Ntry>
        <Amt Ccy="EUR">151.28</Amt>
        <CdtDbtInd>DBIT</CdtDbtInd>
        <Sts>BOOK</Sts>
        <BookgDt>
          <Dt>2016-12-19</Dt>
        </BookgDt>
        <ValDt>
          <Dt>2016-12-19</Dt>
        </ValDt>
        <AcctSvcrRef>10001QC2QAYH6PTJ</AcctSvcrRef>
        <BkTxCd>
          <Prtry>
            <Cd>NOTPROVIDED</Cd>
          </Prtry>
        </BkTxCd>
        <NtryDtls>
          <TxDtls>
            <Refs>
              <InstrId>10001QC2QAYCKLE8</InstrId>
              <EndToEndId>SI00598</EndToEndId>
              <TxId>20161219638349//00131933225/507</TxId>
            </Refs>
            <RltdPties>
              <Dbtr>
                <Nm>FREJA, D.O.O.</Nm>
                <PstlAdr>
                  <Ctry>SI</Ctry>
                  <AdrLine>GOLOUHOVA ULICA 28</AdrLine>
                  <AdrLine>1000 LJUBLJANA</AdrLine>
                </PstlAdr>
              </Dbtr>
              <DbtrAcct>
                <Id>
                  <IBAN>SI56290000050690990</IBAN>
                </Id>
              </DbtrAcct>
              <Cdtr>
                <Nm>MIPRO D.O.O. </Nm>
                <PstlAdr>
                  <Ctry>SI</Ctry>
                  <AdrLine>TBILISIJSKA ULICA 057 B LJUBLJANA</AdrLine>
                  <AdrLine>-</AdrLine>
                </PstlAdr>
              </Cdtr>
              <CdtrAcct>
                <Id>
                  <IBAN>SI56051008000011535</IBAN>
                </Id>
              </CdtrAcct>
            </RltdPties>
            <RltdAgts>
              <DbtrAgt>
                <FinInstnId>
                  <BIC>BACXSI22</BIC>
                </FinInstnId>
              </DbtrAgt>
              <CdtrAgt>
                <FinInstnId>
                  <BIC>ABANSI2X</BIC>
                </FinInstnId>
              </CdtrAgt>
            </RltdAgts>
            <Purp>
              <Cd>GDSV</Cd>
            </Purp>
            <RmtInf>
              <Strd>
                <CdtrRefInf>
                  <Ref>SI00167696</Ref>
                </CdtrRefInf>
                <AddtlRmtInf>PL.RN. 167696              0000846</AddtlRmtInf>
              </Strd>
            </RmtInf>
            <RltdDts>
              <IntrBkSttlmDt>2016-12-19</IntrBkSttlmDt>
            </RltdDts>
          </TxDtls>
        </NtryDtls>
      </Ntry>
      <Ntry>
        <Amt Ccy="EUR">2000.00</Amt>
        <CdtDbtInd>DBIT</CdtDbtInd>
        <Sts>BOOK</Sts>
        <BookgDt>
          <Dt>2016-12-19</Dt>
        </BookgDt>
        <ValDt>
          <Dt>2016-12-19</Dt>
        </ValDt>
        <AcctSvcrRef>10001QC2QAYJHQPN</AcctSvcrRef>
        <BkTxCd>
          <Prtry>
            <Cd>NOTPROVIDED</Cd>
          </Prtry>
        </BkTxCd>
        <NtryDtls>
          <TxDtls>
            <Refs>
              <InstrId>10001QC2QAYG3SXU</InstrId>
              <EndToEndId>NOTPROVIDED</EndToEndId>
              <TxId>20161219638522//00131946598/508</TxId>
            </Refs>
            <RltdPties>
              <Dbtr>
                <Nm>FREJA, D.O.O.</Nm>
                <PstlAdr>
                  <Ctry>SI</Ctry>
                  <AdrLine>GOLOUHOVA ULICA 28</AdrLine>
                  <AdrLine>1000 LJUBLJANA</AdrLine>
                </PstlAdr>
              </Dbtr>
              <DbtrAcct>
                <Id>
                  <IBAN>SI56290000050690990</IBAN>
                </Id>
              </DbtrAcct>
              <Cdtr>
                <Nm>FANCI D.O.O. </Nm>
                <PstlAdr>
                  <Ctry>SI</Ctry>
                  <AdrLine>GOLOUHOVA ULICA 30 1000 LJUBLJANA</AdrLine>
                  <AdrLine>-</AdrLine>
                </PstlAdr>
              </Cdtr>
              <CdtrAcct>
                <Id>
                  <IBAN>SI56290000051090727</IBAN>
                </Id>
              </CdtrAcct>
            </RltdPties>
            <RltdAgts>
              <DbtrAgt>
                <FinInstnId>
                  <BIC>BACXSI22</BIC>
                </FinInstnId>
              </DbtrAgt>
              <CdtrAgt>
                <FinInstnId>
                  <BIC>BACXSI22</BIC>
                </FinInstnId>
              </CdtrAgt>
            </RltdAgts>
            <Purp>
              <Cd>SUPP</Cd>
            </Purp>
            <RmtInf>
              <Strd>
                <CdtrRefInf>
                  <Ref>SI000</Ref>
                </CdtrRefInf>
                <AddtlRmtInf>PLR</AddtlRmtInf>
              </Strd>
            </RmtInf>
            <RltdDts>
              <IntrBkSttlmDt>2016-12-19</IntrBkSttlmDt>
            </RltdDts>
          </TxDtls>
        </NtryDtls>
      </Ntry>
      <Ntry>
        <Amt Ccy="EUR">1155.79</Amt>
        <CdtDbtInd>CRDT</CdtDbtInd>
        <Sts>BOOK</Sts>
        <BookgDt>
          <Dt>2016-12-19</Dt>
        </BookgDt>
        <ValDt>
          <Dt>2016-12-19</Dt>
        </ValDt>
        <AcctSvcrRef>10001QC2QAYSGJBG</AcctSvcrRef>
        <BkTxCd>
          <Prtry>
            <Cd>NOTPROVIDED</Cd>
          </Prtry>
        </BkTxCd>
        <NtryDtls>
          <TxDtls>
            <Refs>
              <EndToEndId>RE201612170020170-301569790</EndToEndId>
              <TxId>20161219652515//6354904262/100</TxId>
            </Refs>
            <RltdPties>
              <Dbtr>
                <Nm>SIX PAYMENT SERVICES (AUT), ATU1535 5906</Nm>
                <PstlAdr>
                  <Ctry>AT</Ctry>
                  <AdrLine>1030 MARXERGASSE 1B</AdrLine>
                  <AdrLine>-</AdrLine>
                </PstlAdr>
              </Dbtr>
              <DbtrAcct>
                <Id>
                  <IBAN>AT447603020000000009</IBAN>
                </Id>
              </DbtrAcct>
              <Cdtr>
                <Nm>FREJA, D.O.O.</Nm>
                <PstlAdr>
                  <Ctry>SI</Ctry>
                  <AdrLine>GOLOUHOVA ULICA 28</AdrLine>
                  <AdrLine>1000 LJUBLJANA</AdrLine>
                </PstlAdr>
              </Cdtr>
              <CdtrAcct>
                <Id>
                  <IBAN>SI56290000050690990</IBAN>
                </Id>
              </CdtrAcct>
            </RltdPties>
            <RltdAgts>
              <DbtrAgt>
                <FinInstnId>
                  <BIC>PLBKATWWXXX</BIC>
                </FinInstnId>
              </DbtrAgt>
              <CdtrAgt>
                <FinInstnId>
                  <BIC>BACXSI22XXX</BIC>
                </FinInstnId>
              </CdtrAgt>
            </RltdAgts>
            <RmtInf>
              <Ustrd>RE201612170020170-301569790/BR+1166,46/DI-10,67/DM1217+746,49/CM1217+312,61/CV1217+107,36</Ustrd>
            </RmtInf>
            <RltdDts>
              <IntrBkSttlmDt>2016-12-19</IntrBkSttlmDt>
            </RltdDts>
          </TxDtls>
        </NtryDtls>
      </Ntry>
      <Ntry>
        <Amt Ccy="EUR">2052.43</Amt>
        <CdtDbtInd>CRDT</CdtDbtInd>
        <Sts>BOOK</Sts>
        <BookgDt>
          <Dt>2016-12-19</Dt>
        </BookgDt>
        <ValDt>
          <Dt>2016-12-19</Dt>
        </ValDt>
        <AcctSvcrRef>10001QC2QAYSGJBJ</AcctSvcrRef>
        <BkTxCd>
          <Prtry>
            <Cd>NOTPROVIDED</Cd>
          </Prtry>
        </BkTxCd>
        <NtryDtls>
          <TxDtls>
            <Refs>
              <EndToEndId>RE201612160026192-301569790</EndToEndId>
              <TxId>20161219652543//6354904272/100</TxId>
            </Refs>
            <RltdPties>
              <Dbtr>
                <Nm>SIX PAYMENT SERVICES (AUT), ATU1535 5906</Nm>
                <PstlAdr>
                  <Ctry>AT</Ctry>
                  <AdrLine>1030 MARXERGASSE 1B</AdrLine>
                  <AdrLine>-</AdrLine>
                </PstlAdr>
              </Dbtr>
              <DbtrAcct>
                <Id>
                  <IBAN>AT447603020000000009</IBAN>
                </Id>
              </DbtrAcct>
              <Cdtr>
                <Nm>FREJA, D.O.O.</Nm>
                <PstlAdr>
                  <Ctry>SI</Ctry>
                  <AdrLine>GOLOUHOVA ULICA 28</AdrLine>
                  <AdrLine>1000 LJUBLJANA</AdrLine>
                </PstlAdr>
              </Cdtr>
              <CdtrAcct>
                <Id>
                  <IBAN>SI56290000050690990</IBAN>
                </Id>
              </CdtrAcct>
            </RltdPties>
            <RltdAgts>
              <DbtrAgt>
                <FinInstnId>
                  <BIC>PLBKATWWXXX</BIC>
                </FinInstnId>
              </DbtrAgt>
              <CdtrAgt>
                <FinInstnId>
                  <BIC>BACXSI22XXX</BIC>
                </FinInstnId>
              </CdtrAgt>
            </RltdAgts>
            <RmtInf>
              <Ustrd>RE201612160026192-301569790/BR+2072,03/DI-19,60/DM1216+1220,86/CM1216+323,95/CV1216+527,22</Ustrd>
            </RmtInf>
            <RltdDts>
              <IntrBkSttlmDt>2016-12-19</IntrBkSttlmDt>
            </RltdDts>
          </TxDtls>
        </NtryDtls>
      </Ntry>
      <Ntry>
        <Amt Ccy="EUR">0.80</Amt>
        <CdtDbtInd>DBIT</CdtDbtInd>
        <Sts>BOOK</Sts>
        <BookgDt>
          <Dt>2016-12-19</Dt>
        </BookgDt>
        <ValDt>
          <Dt>2016-12-19</Dt>
        </ValDt>
        <AcctSvcrRef>10001QC2QB13E1JC</AcctSvcrRef>
        <BkTxCd>
          <Prtry>
            <Cd>NOTPROVIDED</Cd>
          </Prtry>
        </BkTxCd>
        <NtryDtls>
          <TxDtls>
            <Refs>
              <EndToEndId>NOTPROVIDED</EndToEndId>
              <TxId>20161219999922///283</TxId>
            </Refs>
            <RltdPties>
              <Dbtr>
                <Nm>FREJA, D.O.O.</Nm>
                <PstlAdr>
                  <Ctry>SI</Ctry>
                  <AdrLine>GOLOUHOVA ULICA 28</AdrLine>
                  <AdrLine>1000 LJUBLJANA</AdrLine>
                </PstlAdr>
              </Dbtr>
              <DbtrAcct>
                <Id>
                  <IBAN>SI56290000050690990</IBAN>
                </Id>
              </DbtrAcct>
              <Cdtr>
                <Nm>-</Nm>
                <PstlAdr>
                  <Ctry>SI</Ctry>
                  <AdrLine>-</AdrLine>
                  <AdrLine>-</AdrLine>
                </PstlAdr>
              </Cdtr>
              <CdtrAcct>
                <Id>
                  <Othr>
                    <Id>-</Id>
                  </Othr>
                </Id>
              </CdtrAcct>
            </RltdPties>
            <RltdAgts>
              <DbtrAgt>
                <FinInstnId>
                  <BIC>BACXSI22</BIC>
                </FinInstnId>
              </DbtrAgt>
              <CdtrAgt>
                <FinInstnId>
                  <BIC>BACXSI22</BIC>
                </FinInstnId>
              </CdtrAgt>
            </RltdAgts>
            <RmtInf>
              <Ustrd>PROVIZIJA ELEKTR. STAND. 1 x 0,80 EUR</Ustrd>
            </RmtInf>
            <RltdDts>
              <IntrBkSttlmDt>2016-12-19</IntrBkSttlmDt>
            </RltdDts>
          </TxDtls>
        </NtryDtls>
      </Ntry>
      <Ntry>
        <Amt Ccy="EUR">69.78</Amt>
        <CdtDbtInd>CRDT</CdtDbtInd>
        <Sts>BOOK</Sts>
        <BookgDt>
          <Dt>2016-12-19</Dt>
        </BookgDt>
        <ValDt>
          <Dt>2016-12-19</Dt>
        </ValDt>
        <AcctSvcrRef>10001QC2QAXM1YB0</AcctSvcrRef>
        <BkTxCd>
          <Prtry>
            <Cd>NOTPROVIDED</Cd>
          </Prtry>
        </BkTxCd>
        <NtryDtls>
          <TxDtls>
            <Refs>
              <EndToEndId>SI0003-1990-0</EndToEndId>
              <TxId>SI0003-1990-0</TxId>
            </Refs>
            <RltdPties>
              <Dbtr>
                <Nm>Ines Homar</Nm>
                <PstlAdr>
                  <Ctry>SI</Ctry>
                  <AdrLine>SLOMSKOV TRG 010 2000 MARIBOR</AdrLine>
                  <AdrLine>-</AdrLine>
                </PstlAdr>
              </Dbtr>
              <DbtrAcct>
                <Id>
                  <IBAN>SI56906720000040025</IBAN>
                </Id>
              </DbtrAcct>
              <Cdtr>
                <Nm>FREJA, D.O.O.</Nm>
                <PstlAdr>
                  <Ctry>SI</Ctry>
                  <AdrLine>GOLOUHOVA ULICA 28</AdrLine>
                  <AdrLine>1000 LJUBLJANA</AdrLine>
                </PstlAdr>
              </Cdtr>
              <CdtrAcct>
                <Id>
                  <IBAN>SI56290000050690990</IBAN>
                </Id>
              </CdtrAcct>
            </RltdPties>
            <RltdAgts>
              <DbtrAgt>
                <FinInstnId>
                  <BIC>PBSLSI22</BIC>
                </FinInstnId>
              </DbtrAgt>
              <CdtrAgt>
                <FinInstnId>
                  <BIC>BACXSI22</BIC>
                </FinInstnId>
              </CdtrAgt>
            </RltdAgts>
            <Purp>
              <Cd>OTHR</Cd>
            </Purp>
            <RmtInf>
              <Strd>
                <CdtrRefInf>
                  <Ref>SI0003-1990-0</Ref>
                </CdtrRefInf>
                <AddtlRmtInf>DRUGO</AddtlRmtInf>
              </Strd>
            </RmtInf>
            <RltdDts>
              <IntrBkSttlmDt>2016-12-19</IntrBkSttlmDt>
            </RltdDts>
          </TxDtls>
        </NtryDtls>
      </Ntry>
      <Ntry>
        <Amt Ccy="EUR">29.54</Amt>
        <CdtDbtInd>CRDT</CdtDbtInd>
        <Sts>BOOK</Sts>
        <BookgDt>
          <Dt>2016-12-19</Dt>
        </BookgDt>
        <ValDt>
          <Dt>2016-12-19</Dt>
        </ValDt>
        <AcctSvcrRef>10001QC2QAXM1YB0</AcctSvcrRef>
        <BkTxCd>
          <Prtry>
            <Cd>NOTPROVIDED</Cd>
          </Prtry>
        </BkTxCd>
        <NtryDtls>
          <TxDtls>
            <Refs>
              <EndToEndId>SI0003-1991-0</EndToEndId>
              <TxId>SI0003-1991-0</TxId>
            </Refs>
            <RltdPties>
              <Dbtr>
                <Nm>Jasna Selič</Nm>
                <PstlAdr>
                  <Ctry>SI</Ctry>
                  <AdrLine>SLOMSKOV TRG 010 2000 MARIBOR</AdrLine>
                  <AdrLine>-</AdrLine>
                </PstlAdr>
              </Dbtr>
              <DbtrAcct>
                <Id>
                  <IBAN>SI56906720000040025</IBAN>
                </Id>
              </DbtrAcct>
              <Cdtr>
                <Nm>FREJA, D.O.O.</Nm>
                <PstlAdr>
                  <Ctry>SI</Ctry>
                  <AdrLine>GOLOUHOVA ULICA 28</AdrLine>
                  <AdrLine>1000 LJUBLJANA</AdrLine>
                </PstlAdr>
              </Cdtr>
              <CdtrAcct>
                <Id>
                  <IBAN>SI56290000050690990</IBAN>
                </Id>
              </CdtrAcct>
            </RltdPties>
            <RltdAgts>
              <DbtrAgt>
                <FinInstnId>
                  <BIC>PBSLSI22</BIC>
                </FinInstnId>
              </DbtrAgt>
              <CdtrAgt>
                <FinInstnId>
                  <BIC>BACXSI22</BIC>
                </FinInstnId>
              </CdtrAgt>
            </RltdAgts>
            <Purp>
              <Cd>OTHR</Cd>
            </Purp>
            <RmtInf>
              <Strd>
                <CdtrRefInf>
                  <Ref>SI0003-1991-0</Ref>
                </CdtrRefInf>
                <AddtlRmtInf>DRUGO</AddtlRmtInf>
              </Strd>
            </RmtInf>
            <RltdDts>
              <IntrBkSttlmDt>2016-12-19</IntrBkSttlmDt>
            </RltdDts>
          </TxDtls>
        </NtryDtls>
      </Ntry>
      <Ntry>
        <Amt Ccy="EUR">39.88</Amt>
        <CdtDbtInd>CRDT</CdtDbtInd>
        <Sts>BOOK</Sts>
        <BookgDt>
          <Dt>2016-12-19</Dt>
        </BookgDt>
        <ValDt>
          <Dt>2016-12-19</Dt>
        </ValDt>
        <AcctSvcrRef>10001QC2QAXM1YB0</AcctSvcrRef>
        <BkTxCd>
          <Prtry>
            <Cd>NOTPROVIDED</Cd>
          </Prtry>
        </BkTxCd>
        <NtryDtls>
          <TxDtls>
            <Refs>
              <EndToEndId>SI0003-1989-0</EndToEndId>
              <TxId>SI0003-1989-0</TxId>
            </Refs>
            <RltdPties>
              <Dbtr>
                <Nm>Maša Kolar</Nm>
                <PstlAdr>
                  <Ctry>SI</Ctry>
                  <AdrLine>SLOMSKOV TRG 010 2000 MARIBOR</AdrLine>
                  <AdrLine>-</AdrLine>
                </PstlAdr>
              </Dbtr>
              <DbtrAcct>
                <Id>
                  <IBAN>SI56906720000040025</IBAN>
                </Id>
              </DbtrAcct>
              <Cdtr>
                <Nm>FREJA, D.O.O.</Nm>
                <PstlAdr>
                  <Ctry>SI</Ctry>
                  <AdrLine>GOLOUHOVA ULICA 28</AdrLine>
                  <AdrLine>1000 LJUBLJANA</AdrLine>
                </PstlAdr>
              </Cdtr>
              <CdtrAcct>
                <Id>
                  <IBAN>SI56290000050690990</IBAN>
                </Id>
              </CdtrAcct>
            </RltdPties>
            <RltdAgts>
              <DbtrAgt>
                <FinInstnId>
                  <BIC>PBSLSI22</BIC>
                </FinInstnId>
              </DbtrAgt>
              <CdtrAgt>
                <FinInstnId>
                  <BIC>BACXSI22</BIC>
                </FinInstnId>
              </CdtrAgt>
            </RltdAgts>
            <Purp>
              <Cd>OTHR</Cd>
            </Purp>
            <RmtInf>
              <Strd>
                <CdtrRefInf>
                  <Ref>SI0003-1989-0</Ref>
                </CdtrRefInf>
                <AddtlRmtInf>DRUGO</AddtlRmtInf>
              </Strd>
            </RmtInf>
            <RltdDts>
              <IntrBkSttlmDt>2016-12-19</IntrBkSttlmDt>
            </RltdDts>
          </TxDtls>
        </NtryDtls>
      </Ntry>
      <Ntry>
        <Amt Ccy="EUR">32.84</Amt>
        <CdtDbtInd>CRDT</CdtDbtInd>
        <Sts>BOOK</Sts>
        <BookgDt>
          <Dt>2016-12-19</Dt>
        </BookgDt>
        <ValDt>
          <Dt>2016-12-19</Dt>
        </ValDt>
        <AcctSvcrRef>10001QC2QAXM1YB0</AcctSvcrRef>
        <BkTxCd>
          <Prtry>
            <Cd>NOTPROVIDED</Cd>
          </Prtry>
        </BkTxCd>
        <NtryDtls>
          <TxDtls>
            <Refs>
              <EndToEndId>SI0003-2003-0</EndToEndId>
              <TxId>SI0003-2003-0</TxId>
            </Refs>
            <RltdPties>
              <Dbtr>
                <Nm>TERME RESORT d.o.o.</Nm>
                <PstlAdr>
                  <Ctry>SI</Ctry>
                  <AdrLine>SLOMSKOV TRG 010 2000 MARIBOR</AdrLine>
                  <AdrLine>-</AdrLine>
                </PstlAdr>
              </Dbtr>
              <DbtrAcct>
                <Id>
                  <IBAN>SI56906720000040025</IBAN>
                </Id>
              </DbtrAcct>
              <Cdtr>
                <Nm>FREJA, D.O.O.</Nm>
                <PstlAdr>
                  <Ctry>SI</Ctry>
                  <AdrLine>GOLOUHOVA ULICA 28</AdrLine>
                  <AdrLine>1000 LJUBLJANA</AdrLine>
                </PstlAdr>
              </Cdtr>
              <CdtrAcct>
                <Id>
                  <IBAN>SI56290000050690990</IBAN>
                </Id>
              </CdtrAcct>
            </RltdPties>
            <RltdAgts>
              <DbtrAgt>
                <FinInstnId>
                  <BIC>PBSLSI22</BIC>
                </FinInstnId>
              </DbtrAgt>
              <CdtrAgt>
                <FinInstnId>
                  <BIC>BACXSI22</BIC>
                </FinInstnId>
              </CdtrAgt>
            </RltdAgts>
            <Purp>
              <Cd>OTHR</Cd>
            </Purp>
            <RmtInf>
              <Strd>
                <CdtrRefInf>
                  <Ref>SI0003-2003-0</Ref>
                </CdtrRefInf>
                <AddtlRmtInf>DRUGO</AddtlRmtInf>
              </Strd>
            </RmtInf>
            <RltdDts>
              <IntrBkSttlmDt>2016-12-19</IntrBkSttlmDt>
            </RltdDts>
          </TxDtls>
        </NtryDtls>
      </Ntry>
      <Ntry>
        <Amt Ccy="EUR">31.94</Amt>
        <CdtDbtInd>CRDT</CdtDbtInd>
        <Sts>BOOK</Sts>
        <BookgDt>
          <Dt>2016-12-19</Dt>
        </BookgDt>
        <ValDt>
          <Dt>2016-12-19</Dt>
        </ValDt>
        <AcctSvcrRef>10001QC2QAXM1YB0</AcctSvcrRef>
        <BkTxCd>
          <Prtry>
            <Cd>NOTPROVIDED</Cd>
          </Prtry>
        </BkTxCd>
        <NtryDtls>
          <TxDtls>
            <Refs>
              <EndToEndId>SI0003-1992-0</EndToEndId>
              <TxId>SI0003-1992-0</TxId>
            </Refs>
            <RltdPties>
              <Dbtr>
                <Nm>Ksenija Gruden</Nm>
                <PstlAdr>
                  <Ctry>SI</Ctry>
                  <AdrLine>SLOMSKOV TRG 010 2000 MARIBOR</AdrLine>
                  <AdrLine>-</AdrLine>
                </PstlAdr>
              </Dbtr>
              <DbtrAcct>
                <Id>
                  <IBAN>SI56906720000040025</IBAN>
                </Id>
              </DbtrAcct>
              <Cdtr>
                <Nm>FREJA, D.O.O.</Nm>
                <PstlAdr>
                  <Ctry>SI</Ctry>
                  <AdrLine>GOLOUHOVA ULICA 28</AdrLine>
                  <AdrLine>1000 LJUBLJANA</AdrLine>
                </PstlAdr>
              </Cdtr>
              <CdtrAcct>
                <Id>
                  <IBAN>SI56290000050690990</IBAN>
                </Id>
              </CdtrAcct>
            </RltdPties>
            <RltdAgts>
              <DbtrAgt>
                <FinInstnId>
                  <BIC>PBSLSI22</BIC>
                </FinInstnId>
              </DbtrAgt>
              <CdtrAgt>
                <FinInstnId>
                  <BIC>BACXSI22</BIC>
                </FinInstnId>
              </CdtrAgt>
            </RltdAgts>
            <Purp>
              <Cd>OTHR</Cd>
            </Purp>
            <RmtInf>
              <Strd>
                <CdtrRefInf>
                  <Ref>SI0003-1992-0</Ref>
                </CdtrRefInf>
                <AddtlRmtInf>DRUGO</AddtlRmtInf>
              </Strd>
            </RmtInf>
            <RltdDts>
              <IntrBkSttlmDt>2016-12-19</IntrBkSttlmDt>
            </RltdDts>
          </TxDtls>
        </NtryDtls>
      </Ntry>
      <Ntry>
        <Amt Ccy="EUR">72.5</Amt>
        <CdtDbtInd>CRDT</CdtDbtInd>
        <Sts>BOOK</Sts>
        <BookgDt>
          <Dt>2016-12-19</Dt>
        </BookgDt>
        <ValDt>
          <Dt>2016-12-19</Dt>
        </ValDt>
        <AcctSvcrRef>10001QC2QAXM1YB0</AcctSvcrRef>
        <BkTxCd>
          <Prtry>
            <Cd>NOTPROVIDED</Cd>
          </Prtry>
        </BkTxCd>
        <NtryDtls>
          <TxDtls>
            <Refs>
              <EndToEndId>SI0003-1993-0</EndToEndId>
              <TxId>SI0003-1993-0</TxId>
            </Refs>
            <RltdPties>
              <Dbtr>
                <Nm>Trunk Trans Transport d.o.o.</Nm>
                <PstlAdr>
                  <Ctry>SI</Ctry>
                  <AdrLine>SLOMSKOV TRG 010 2000 MARIBOR</AdrLine>
                  <AdrLine>-</AdrLine>
                </PstlAdr>
              </Dbtr>
              <DbtrAcct>
                <Id>
                  <IBAN>SI56906720000040025</IBAN>
                </Id>
              </DbtrAcct>
              <Cdtr>
                <Nm>FREJA, D.O.O.</Nm>
                <PstlAdr>
                  <Ctry>SI</Ctry>
                  <AdrLine>GOLOUHOVA ULICA 28</AdrLine>
                  <AdrLine>1000 LJUBLJANA</AdrLine>
                </PstlAdr>
              </Cdtr>
              <CdtrAcct>
                <Id>
                  <IBAN>SI56290000050690990</IBAN>
                </Id>
              </CdtrAcct>
            </RltdPties>
            <RltdAgts>
              <DbtrAgt>
                <FinInstnId>
                  <BIC>PBSLSI22</BIC>
                </FinInstnId>
              </DbtrAgt>
              <CdtrAgt>
                <FinInstnId>
                  <BIC>BACXSI22</BIC>
                </FinInstnId>
              </CdtrAgt>
            </RltdAgts>
            <Purp>
              <Cd>OTHR</Cd>
            </Purp>
            <RmtInf>
              <Strd>
                <CdtrRefInf>
                  <Ref>SI0003-1993-0</Ref>
                </CdtrRefInf>
                <AddtlRmtInf>DRUGO</AddtlRmtInf>
              </Strd>
            </RmtInf>
            <RltdDts>
              <IntrBkSttlmDt>2016-12-19</IntrBkSttlmDt>
            </RltdDts>
          </TxDtls>
        </NtryDtls>
      </Ntry>
      <Ntry>
        <Amt Ccy="EUR">48.24</Amt>
        <CdtDbtInd>CRDT</CdtDbtInd>
        <Sts>BOOK</Sts>
        <BookgDt>
          <Dt>2016-12-19</Dt>
        </BookgDt>
        <ValDt>
          <Dt>2016-12-19</Dt>
        </ValDt>
        <AcctSvcrRef>10001QC2QAXM1YB0</AcctSvcrRef>
        <BkTxCd>
          <Prtry>
            <Cd>NOTPROVIDED</Cd>
          </Prtry>
        </BkTxCd>
        <NtryDtls>
          <TxDtls>
            <Refs>
              <EndToEndId>SI0003-2004-0</EndToEndId>
              <TxId>SI0003-2004-0</TxId>
            </Refs>
            <RltdPties>
              <Dbtr>
                <Nm>Aleksandra Medved</Nm>
                <PstlAdr>
                  <Ctry>SI</Ctry>
                  <AdrLine>SLOMSKOV TRG 010 2000 MARIBOR</AdrLine>
                  <AdrLine>-</AdrLine>
                </PstlAdr>
              </Dbtr>
              <DbtrAcct>
                <Id>
                  <IBAN>SI56906720000040025</IBAN>
                </Id>
              </DbtrAcct>
              <Cdtr>
                <Nm>FREJA, D.O.O.</Nm>
                <PstlAdr>
                  <Ctry>SI</Ctry>
                  <AdrLine>GOLOUHOVA ULICA 28</AdrLine>
                  <AdrLine>1000 LJUBLJANA</AdrLine>
                </PstlAdr>
              </Cdtr>
              <CdtrAcct>
                <Id>
                  <IBAN>SI56290000050690990</IBAN>
                </Id>
              </CdtrAcct>
            </RltdPties>
            <RltdAgts>
              <DbtrAgt>
                <FinInstnId>
                  <BIC>PBSLSI22</BIC>
                </FinInstnId>
              </DbtrAgt>
              <CdtrAgt>
                <FinInstnId>
                  <BIC>BACXSI22</BIC>
                </FinInstnId>
              </CdtrAgt>
            </RltdAgts>
            <Purp>
              <Cd>OTHR</Cd>
            </Purp>
            <RmtInf>
              <Strd>
                <CdtrRefInf>
                  <Ref>SI0003-2004-0</Ref>
                </CdtrRefInf>
                <AddtlRmtInf>DRUGO</AddtlRmtInf>
              </Strd>
            </RmtInf>
            <RltdDts>
              <IntrBkSttlmDt>2016-12-19</IntrBkSttlmDt>
            </RltdDts>
          </TxDtls>
        </NtryDtls>
      </Ntry>
      <Ntry>
        <Amt Ccy="EUR">32.84</Amt>
        <CdtDbtInd>CRDT</CdtDbtInd>
        <Sts>BOOK</Sts>
        <BookgDt>
          <Dt>2016-12-19</Dt>
        </BookgDt>
        <ValDt>
          <Dt>2016-12-19</Dt>
        </ValDt>
        <AcctSvcrRef>10001QC2QAXM1YB0</AcctSvcrRef>
        <BkTxCd>
          <Prtry>
            <Cd>NOTPROVIDED</Cd>
          </Prtry>
        </BkTxCd>
        <NtryDtls>
          <TxDtls>
            <Refs>
              <EndToEndId>03-19985-0</EndToEndId>
              <TxId>03-19985-0</TxId>
            </Refs>
            <RltdPties>
              <Dbtr>
                <Nm>Carina Mandl</Nm>
                <PstlAdr>
                  <Ctry>SI</Ctry>
                  <AdrLine>SLOMSKOV TRG 010 2000 MARIBOR</AdrLine>
                  <AdrLine>-</AdrLine>
                </PstlAdr>
              </Dbtr>
              <DbtrAcct>
                <Id>
                  <IBAN>SI56906720000040025</IBAN>
                </Id>
              </DbtrAcct>
              <Cdtr>
                <Nm>FREJA, D.O.O.</Nm>
                <PstlAdr>
                  <Ctry>SI</Ctry>
                  <AdrLine>GOLOUHOVA ULICA 28</AdrLine>
                  <AdrLine>1000 LJUBLJANA</AdrLine>
                </PstlAdr>
              </Cdtr>
              <CdtrAcct>
                <Id>
                  <IBAN>SI56290000050690990</IBAN>
                </Id>
              </CdtrAcct>
            </RltdPties>
            <RltdAgts>
              <DbtrAgt>
                <FinInstnId>
                  <BIC>PBSLSI22</BIC>
                </FinInstnId>
              </DbtrAgt>
              <CdtrAgt>
                <FinInstnId>
                  <BIC>BACXSI22</BIC>
                </FinInstnId>
              </CdtrAgt>
            </RltdAgts>
            <Purp>
              <Cd>OTHR</Cd>
            </Purp>
            <RmtInf>
              <Strd>
                <CdtrRefInf>
                  <Ref>03-19985-0</Ref>
                </CdtrRefInf>
                <AddtlRmtInf>DRUGO</AddtlRmtInf>
              </Strd>
            </RmtInf>
            <RltdDts>
              <IntrBkSttlmDt>2016-12-19</IntrBkSttlmDt>
            </RltdDts>
          </TxDtls>
        </NtryDtls>
      </Ntry>
      <Ntry>
        <Amt Ccy="EUR">42.45</Amt>
        <CdtDbtInd>CRDT</CdtDbtInd>
        <Sts>BOOK</Sts>
        <BookgDt>
          <Dt>2016-12-19</Dt>
        </BookgDt>
        <ValDt>
          <Dt>2016-12-19</Dt>
        </ValDt>
        <AcctSvcrRef>10001QC2QAXM1YB0</AcctSvcrRef>
        <BkTxCd>
          <Prtry>
            <Cd>NOTPROVIDED</Cd>
          </Prtry>
        </BkTxCd>
        <NtryDtls>
          <TxDtls>
            <Refs>
              <EndToEndId>1-S3-16017421</EndToEndId>
              <TxId>1-S3-16017421</TxId>
            </Refs>
            <RltdPties>
              <Dbtr>
                <Nm>Militka Carl</Nm>
                <PstlAdr>
                  <Ctry>SI</Ctry>
                  <AdrLine>SLOMSKOV TRG 010 2000 MARIBOR</AdrLine>
                  <AdrLine>-</AdrLine>
                </PstlAdr>
              </Dbtr>
              <DbtrAcct>
                <Id>
                  <IBAN>SI56906720000040025</IBAN>
                </Id>
              </DbtrAcct>
              <Cdtr>
                <Nm>FREJA, D.O.O.</Nm>
                <PstlAdr>
                  <Ctry>SI</Ctry>
                  <AdrLine>GOLOUHOVA ULICA 28</AdrLine>
                  <AdrLine>1000 LJUBLJANA</AdrLine>
                </PstlAdr>
              </Cdtr>
              <CdtrAcct>
                <Id>
                  <IBAN>SI56290000050690990</IBAN>
                </Id>
              </CdtrAcct>
            </RltdPties>
            <RltdAgts>
              <DbtrAgt>
                <FinInstnId>
                  <BIC>PBSLSI22</BIC>
                </FinInstnId>
              </DbtrAgt>
              <CdtrAgt>
                <FinInstnId>
                  <BIC>BACXSI22</BIC>
                </FinInstnId>
              </CdtrAgt>
            </RltdAgts>
            <Purp>
              <Cd>OTHR</Cd>
            </Purp>
            <RmtInf>
              <Strd>
                <CdtrRefInf>
                  <Ref>1-S3-16017421</Ref>
                </CdtrRefInf>
                <AddtlRmtInf>DRUGO</AddtlRmtInf>
              </Strd>
            </RmtInf>
            <RltdDts>
              <IntrBkSttlmDt>2016-12-19</IntrBkSttlmDt>
            </RltdDts>
          </TxDtls>
        </NtryDtls>
      </Ntry>
      <Ntry>
        <Amt Ccy="EUR">8.82</Amt>
        <CdtDbtInd>CRDT</CdtDbtInd>
        <Sts>BOOK</Sts>
        <BookgDt>
          <Dt>2016-12-19</Dt>
        </BookgDt>
        <ValDt>
          <Dt>2016-12-19</Dt>
        </ValDt>
        <AcctSvcrRef>10001QC2QAXM1YB0</AcctSvcrRef>
        <BkTxCd>
          <Prtry>
            <Cd>NOTPROVIDED</Cd>
          </Prtry>
        </BkTxCd>
        <NtryDtls>
          <TxDtls>
            <Refs>
              <EndToEndId>SI0003-1999-0</EndToEndId>
              <TxId>SI0003-1999-0</TxId>
            </Refs>
            <RltdPties>
              <Dbtr>
                <Nm>NILLANDIA</Nm>
                <PstlAdr>
                  <Ctry>SI</Ctry>
                  <AdrLine>SLOMSKOV TRG 010 2000 MARIBOR</AdrLine>
                  <AdrLine>-</AdrLine>
                </PstlAdr>
              </Dbtr>
              <DbtrAcct>
                <Id>
                  <IBAN>SI56906720000040025</IBAN>
                </Id>
              </DbtrAcct>
              <Cdtr>
                <Nm>FREJA, D.O.O.</Nm>
                <PstlAdr>
                  <Ctry>SI</Ctry>
                  <AdrLine>GOLOUHOVA ULICA 28</AdrLine>
                  <AdrLine>1000 LJUBLJANA</AdrLine>
                </PstlAdr>
              </Cdtr>
              <CdtrAcct>
                <Id>
                  <IBAN>SI56290000050690990</IBAN>
                </Id>
              </CdtrAcct>
            </RltdPties>
            <RltdAgts>
              <DbtrAgt>
                <FinInstnId>
                  <BIC>PBSLSI22</BIC>
                </FinInstnId>
              </DbtrAgt>
              <CdtrAgt>
                <FinInstnId>
                  <BIC>BACXSI22</BIC>
                </FinInstnId>
              </CdtrAgt>
            </RltdAgts>
            <Purp>
              <Cd>OTHR</Cd>
            </Purp>
            <RmtInf>
              <Strd>
                <CdtrRefInf>
                  <Ref>SI0003-1999-0</Ref>
                </CdtrRefInf>
                <AddtlRmtInf>DRUGO</AddtlRmtInf>
              </Strd>
            </RmtInf>
            <RltdDts>
              <IntrBkSttlmDt>2016-12-19</IntrBkSttlmDt>
            </RltdDts>
          </TxDtls>
        </NtryDtls>
      </Ntry>
      <Ntry>
        <Amt Ccy="EUR">53.07</Amt>
        <CdtDbtInd>CRDT</CdtDbtInd>
        <Sts>BOOK</Sts>
        <BookgDt>
          <Dt>2016-12-19</Dt>
        </BookgDt>
        <ValDt>
          <Dt>2016-12-19</Dt>
        </ValDt>
        <AcctSvcrRef>10001QC2QAXM1YB0</AcctSvcrRef>
        <BkTxCd>
          <Prtry>
            <Cd>NOTPROVIDED</Cd>
          </Prtry>
        </BkTxCd>
        <NtryDtls>
          <TxDtls>
            <Refs>
              <EndToEndId>SI0003-1997-0</EndToEndId>
              <TxId>SI0003-1997-0</TxId>
            </Refs>
            <RltdPties>
              <Dbtr>
                <Nm>Martina Flere</Nm>
                <PstlAdr>
                  <Ctry>SI</Ctry>
                  <AdrLine>SLOMSKOV TRG 010 2000 MARIBOR</AdrLine>
                  <AdrLine>-</AdrLine>
                </PstlAdr>
              </Dbtr>
              <DbtrAcct>
                <Id>
                  <IBAN>SI56906720000040025</IBAN>
                </Id>
              </DbtrAcct>
              <Cdtr>
                <Nm>FREJA, D.O.O.</Nm>
                <PstlAdr>
                  <Ctry>SI</Ctry>
                  <AdrLine>GOLOUHOVA ULICA 28</AdrLine>
                  <AdrLine>1000 LJUBLJANA</AdrLine>
                </PstlAdr>
              </Cdtr>
              <CdtrAcct>
                <Id>
                  <IBAN>SI56290000050690990</IBAN>
                </Id>
              </CdtrAcct>
            </RltdPties>
            <RltdAgts>
              <DbtrAgt>
                <FinInstnId>
                  <BIC>PBSLSI22</BIC>
                </FinInstnId>
              </DbtrAgt>
              <CdtrAgt>
                <FinInstnId>
                  <BIC>BACXSI22</BIC>
                </FinInstnId>
              </CdtrAgt>
            </RltdAgts>
            <Purp>
              <Cd>OTHR</Cd>
            </Purp>
            <RmtInf>
              <Strd>
                <CdtrRefInf>
                  <Ref>SI0003-1997-0</Ref>
                </CdtrRefInf>
                <AddtlRmtInf>DRUGO</AddtlRmtInf>
              </Strd>
            </RmtInf>
            <RltdDts>
              <IntrBkSttlmDt>2016-12-19</IntrBkSttlmDt>
            </RltdDts>
          </TxDtls>
        </NtryDtls>
      </Ntry>
      <Ntry>
        <Amt Ccy="EUR">48.91</Amt>
        <CdtDbtInd>CRDT</CdtDbtInd>
        <Sts>BOOK</Sts>
        <BookgDt>
          <Dt>2016-12-19</Dt>
        </BookgDt>
        <ValDt>
          <Dt>2016-12-19</Dt>
        </ValDt>
        <AcctSvcrRef>10001QC2QAXM1YB0</AcctSvcrRef>
        <BkTxCd>
          <Prtry>
            <Cd>NOTPROVIDED</Cd>
          </Prtry>
        </BkTxCd>
        <NtryDtls>
          <TxDtls>
            <Refs>
              <EndToEndId>SI0003-2014-0</EndToEndId>
              <TxId>SI0003-2014-0</TxId>
            </Refs>
            <RltdPties>
              <Dbtr>
                <Nm>Marica Hribar</Nm>
                <PstlAdr>
                  <Ctry>SI</Ctry>
                  <AdrLine>SLOMSKOV TRG 010 2000 MARIBOR</AdrLine>
                  <AdrLine>-</AdrLine>
                </PstlAdr>
              </Dbtr>
              <DbtrAcct>
                <Id>
                  <IBAN>SI56906720000040025</IBAN>
                </Id>
              </DbtrAcct>
              <Cdtr>
                <Nm>FREJA, D.O.O.</Nm>
                <PstlAdr>
                  <Ctry>SI</Ctry>
                  <AdrLine>GOLOUHOVA ULICA 28</AdrLine>
                  <AdrLine>1000 LJUBLJANA</AdrLine>
                </PstlAdr>
              </Cdtr>
              <CdtrAcct>
                <Id>
                  <IBAN>SI56290000050690990</IBAN>
                </Id>
              </CdtrAcct>
            </RltdPties>
            <RltdAgts>
              <DbtrAgt>
                <FinInstnId>
                  <BIC>PBSLSI22</BIC>
                </FinInstnId>
              </DbtrAgt>
              <CdtrAgt>
                <FinInstnId>
                  <BIC>BACXSI22</BIC>
                </FinInstnId>
              </CdtrAgt>
            </RltdAgts>
            <Purp>
              <Cd>OTHR</Cd>
            </Purp>
            <RmtInf>
              <Strd>
                <CdtrRefInf>
                  <Ref>SI0003-2014-0</Ref>
                </CdtrRefInf>
                <AddtlRmtInf>DRUGO</AddtlRmtInf>
              </Strd>
            </RmtInf>
            <RltdDts>
              <IntrBkSttlmDt>2016-12-19</IntrBkSttlmDt>
            </RltdDts>
          </TxDtls>
        </NtryDtls>
      </Ntry>
      <Ntry>
        <Amt Ccy="EUR">86.64</Amt>
        <CdtDbtInd>CRDT</CdtDbtInd>
        <Sts>BOOK</Sts>
        <BookgDt>
          <Dt>2016-12-19</Dt>
        </BookgDt>
        <ValDt>
          <Dt>2016-12-19</Dt>
        </ValDt>
        <AcctSvcrRef>10001QC2QAXM1YB0</AcctSvcrRef>
        <BkTxCd>
          <Prtry>
            <Cd>NOTPROVIDED</Cd>
          </Prtry>
        </BkTxCd>
        <NtryDtls>
          <TxDtls>
            <Refs>
              <EndToEndId>SI0003-2015-0</EndToEndId>
              <TxId>SI0003-2015-0</TxId>
            </Refs>
            <RltdPties>
              <Dbtr>
                <Nm>Zdenka Grahor</Nm>
                <PstlAdr>
                  <Ctry>SI</Ctry>
                  <AdrLine>SLOMSKOV TRG 010 2000 MARIBOR</AdrLine>
                  <AdrLine>-</AdrLine>
                </PstlAdr>
              </Dbtr>
              <DbtrAcct>
                <Id>
                  <IBAN>SI56906720000040025</IBAN>
                </Id>
              </DbtrAcct>
              <Cdtr>
                <Nm>FREJA, D.O.O.</Nm>
                <PstlAdr>
                  <Ctry>SI</Ctry>
                  <AdrLine>GOLOUHOVA ULICA 28</AdrLine>
                  <AdrLine>1000 LJUBLJANA</AdrLine>
                </PstlAdr>
              </Cdtr>
              <CdtrAcct>
                <Id>
                  <IBAN>SI56290000050690990</IBAN>
                </Id>
              </CdtrAcct>
            </RltdPties>
            <RltdAgts>
              <DbtrAgt>
                <FinInstnId>
                  <BIC>PBSLSI22</BIC>
                </FinInstnId>
              </DbtrAgt>
              <CdtrAgt>
                <FinInstnId>
                  <BIC>BACXSI22</BIC>
                </FinInstnId>
              </CdtrAgt>
            </RltdAgts>
            <Purp>
              <Cd>OTHR</Cd>
            </Purp>
            <RmtInf>
              <Strd>
                <CdtrRefInf>
                  <Ref>SI0003-2015-0</Ref>
                </CdtrRefInf>
                <AddtlRmtInf>DRUGO</AddtlRmtInf>
              </Strd>
            </RmtInf>
            <RltdDts>
              <IntrBkSttlmDt>2016-12-19</IntrBkSttlmDt>
            </RltdDts>
          </TxDtls>
        </NtryDtls>
      </Ntry>
      <Ntry>
        <Amt Ccy="EUR">63.04</Amt>
        <CdtDbtInd>CRDT</CdtDbtInd>
        <Sts>BOOK</Sts>
        <BookgDt>
          <Dt>2016-12-19</Dt>
        </BookgDt>
        <ValDt>
          <Dt>2016-12-19</Dt>
        </ValDt>
        <AcctSvcrRef>10001QC2QAXM1YB0</AcctSvcrRef>
        <BkTxCd>
          <Prtry>
            <Cd>NOTPROVIDED</Cd>
          </Prtry>
        </BkTxCd>
        <NtryDtls>
          <TxDtls>
            <Refs>
              <EndToEndId>SI0003-2011-0</EndToEndId>
              <TxId>SI0003-2011-0</TxId>
            </Refs>
            <RltdPties>
              <Dbtr>
                <Nm>Kristina Per</Nm>
                <PstlAdr>
                  <Ctry>SI</Ctry>
                  <AdrLine>SLOMSKOV TRG 010 2000 MARIBOR</AdrLine>
                  <AdrLine>-</AdrLine>
                </PstlAdr>
              </Dbtr>
              <DbtrAcct>
                <Id>
                  <IBAN>SI56906720000040025</IBAN>
                </Id>
              </DbtrAcct>
              <Cdtr>
                <Nm>FREJA, D.O.O.</Nm>
                <PstlAdr>
                  <Ctry>SI</Ctry>
                  <AdrLine>GOLOUHOVA ULICA 28</AdrLine>
                  <AdrLine>1000 LJUBLJANA</AdrLine>
                </PstlAdr>
              </Cdtr>
              <CdtrAcct>
                <Id>
                  <IBAN>SI56290000050690990</IBAN>
                </Id>
              </CdtrAcct>
            </RltdPties>
            <RltdAgts>
              <DbtrAgt>
                <FinInstnId>
                  <BIC>PBSLSI22</BIC>
                </FinInstnId>
              </DbtrAgt>
              <CdtrAgt>
                <FinInstnId>
                  <BIC>BACXSI22</BIC>
                </FinInstnId>
              </CdtrAgt>
            </RltdAgts>
            <Purp>
              <Cd>OTHR</Cd>
            </Purp>
            <RmtInf>
              <Strd>
                <CdtrRefInf>
                  <Ref>SI0003-2011-0</Ref>
                </CdtrRefInf>
                <AddtlRmtInf>DRUGO</AddtlRmtInf>
              </Strd>
            </RmtInf>
            <RltdDts>
              <IntrBkSttlmDt>2016-12-19</IntrBkSttlmDt>
            </RltdDts>
          </TxDtls>
        </NtryDtls>
      </Ntry>
      <Ntry>
        <Amt Ccy="EUR">13.45</Amt>
        <CdtDbtInd>CRDT</CdtDbtInd>
        <Sts>BOOK</Sts>
        <BookgDt>
          <Dt>2016-12-19</Dt>
        </BookgDt>
        <ValDt>
          <Dt>2016-12-19</Dt>
        </ValDt>
        <AcctSvcrRef>10001QC2QAXM1YB0</AcctSvcrRef>
        <BkTxCd>
          <Prtry>
            <Cd>NOTPROVIDED</Cd>
          </Prtry>
        </BkTxCd>
        <NtryDtls>
          <TxDtls>
            <Refs>
              <EndToEndId>SI0003-2012-0</EndToEndId>
              <TxId>SI0003-2012-0</TxId>
            </Refs>
            <RltdPties>
              <Dbtr>
                <Nm>Nataša Jarc</Nm>
                <PstlAdr>
                  <Ctry>SI</Ctry>
                  <AdrLine>SLOMSKOV TRG 010 2000 MARIBOR</AdrLine>
                  <AdrLine>-</AdrLine>
                </PstlAdr>
              </Dbtr>
              <DbtrAcct>
                <Id>
                  <IBAN>SI56906720000040025</IBAN>
                </Id>
              </DbtrAcct>
              <Cdtr>
                <Nm>FREJA, D.O.O.</Nm>
                <PstlAdr>
                  <Ctry>SI</Ctry>
                  <AdrLine>GOLOUHOVA ULICA 28</AdrLine>
                  <AdrLine>1000 LJUBLJANA</AdrLine>
                </PstlAdr>
              </Cdtr>
              <CdtrAcct>
                <Id>
                  <IBAN>SI56290000050690990</IBAN>
                </Id>
              </CdtrAcct>
            </RltdPties>
            <RltdAgts>
              <DbtrAgt>
                <FinInstnId>
                  <BIC>PBSLSI22</BIC>
                </FinInstnId>
              </DbtrAgt>
              <CdtrAgt>
                <FinInstnId>
                  <BIC>BACXSI22</BIC>
                </FinInstnId>
              </CdtrAgt>
            </RltdAgts>
            <Purp>
              <Cd>OTHR</Cd>
            </Purp>
            <RmtInf>
              <Strd>
                <CdtrRefInf>
                  <Ref>SI0003-2012-0</Ref>
                </CdtrRefInf>
                <AddtlRmtInf>DRUGO</AddtlRmtInf>
              </Strd>
            </RmtInf>
            <RltdDts>
              <IntrBkSttlmDt>2016-12-19</IntrBkSttlmDt>
            </RltdDts>
          </TxDtls>
        </NtryDtls>
      </Ntry>
      <Ntry>
        <Amt Ccy="EUR">71.67</Amt>
        <CdtDbtInd>CRDT</CdtDbtInd>
        <Sts>BOOK</Sts>
        <BookgDt>
          <Dt>2016-12-19</Dt>
        </BookgDt>
        <ValDt>
          <Dt>2016-12-19</Dt>
        </ValDt>
        <AcctSvcrRef>10001QC2QAXM1YB0</AcctSvcrRef>
        <BkTxCd>
          <Prtry>
            <Cd>NOTPROVIDED</Cd>
          </Prtry>
        </BkTxCd>
        <NtryDtls>
          <TxDtls>
            <Refs>
              <EndToEndId>SI0003-2013-0</EndToEndId>
              <TxId>SI0003-2013-0</TxId>
            </Refs>
            <RltdPties>
              <Dbtr>
                <Nm>Vlasta Žabot</Nm>
                <PstlAdr>
                  <Ctry>SI</Ctry>
                  <AdrLine>SLOMSKOV TRG 010 2000 MARIBOR</AdrLine>
                  <AdrLine>-</AdrLine>
                </PstlAdr>
              </Dbtr>
              <DbtrAcct>
                <Id>
                  <IBAN>SI56906720000040025</IBAN>
                </Id>
              </DbtrAcct>
              <Cdtr>
                <Nm>FREJA, D.O.O.</Nm>
                <PstlAdr>
                  <Ctry>SI</Ctry>
                  <AdrLine>GOLOUHOVA ULICA 28</AdrLine>
                  <AdrLine>1000 LJUBLJANA</AdrLine>
                </PstlAdr>
              </Cdtr>
              <CdtrAcct>
                <Id>
                  <IBAN>SI56290000050690990</IBAN>
                </Id>
              </CdtrAcct>
            </RltdPties>
            <RltdAgts>
              <DbtrAgt>
                <FinInstnId>
                  <BIC>PBSLSI22</BIC>
                </FinInstnId>
              </DbtrAgt>
              <CdtrAgt>
                <FinInstnId>
                  <BIC>BACXSI22</BIC>
                </FinInstnId>
              </CdtrAgt>
            </RltdAgts>
            <Purp>
              <Cd>OTHR</Cd>
            </Purp>
            <RmtInf>
              <Strd>
                <CdtrRefInf>
                  <Ref>SI0003-2013-0</Ref>
                </CdtrRefInf>
                <AddtlRmtInf>DRUGO</AddtlRmtInf>
              </Strd>
            </RmtInf>
            <RltdDts>
              <IntrBkSttlmDt>2016-12-19</IntrBkSttlmDt>
            </RltdDts>
          </TxDtls>
        </NtryDtls>
      </Ntry>
      <Ntry>
        <Amt Ccy="EUR">21.2</Amt>
        <CdtDbtInd>CRDT</CdtDbtInd>
        <Sts>BOOK</Sts>
        <BookgDt>
          <Dt>2016-12-19</Dt>
        </BookgDt>
        <ValDt>
          <Dt>2016-12-19</Dt>
        </ValDt>
        <AcctSvcrRef>10001QC2QAXM1YB0</AcctSvcrRef>
        <BkTxCd>
          <Prtry>
            <Cd>NOTPROVIDED</Cd>
          </Prtry>
        </BkTxCd>
        <NtryDtls>
          <TxDtls>
            <Refs>
              <EndToEndId>SI0003-1994-0</EndToEndId>
              <TxId>SI0003-1994-0</TxId>
            </Refs>
            <RltdPties>
              <Dbtr>
                <Nm>Sandra Terplan</Nm>
                <PstlAdr>
                  <Ctry>SI</Ctry>
                  <AdrLine>SLOMSKOV TRG 010 2000 MARIBOR</AdrLine>
                  <AdrLine>-</AdrLine>
                </PstlAdr>
              </Dbtr>
              <DbtrAcct>
                <Id>
                  <IBAN>SI56906720000040025</IBAN>
                </Id>
              </DbtrAcct>
              <Cdtr>
                <Nm>FREJA, D.O.O.</Nm>
                <PstlAdr>
                  <Ctry>SI</Ctry>
                  <AdrLine>GOLOUHOVA ULICA 28</AdrLine>
                  <AdrLine>1000 LJUBLJANA</AdrLine>
                </PstlAdr>
              </Cdtr>
              <CdtrAcct>
                <Id>
                  <IBAN>SI56290000050690990</IBAN>
                </Id>
              </CdtrAcct>
            </RltdPties>
            <RltdAgts>
              <DbtrAgt>
                <FinInstnId>
                  <BIC>PBSLSI22</BIC>
                </FinInstnId>
              </DbtrAgt>
              <CdtrAgt>
                <FinInstnId>
                  <BIC>BACXSI22</BIC>
                </FinInstnId>
              </CdtrAgt>
            </RltdAgts>
            <Purp>
              <Cd>OTHR</Cd>
            </Purp>
            <RmtInf>
              <Strd>
                <CdtrRefInf>
                  <Ref>SI0003-1994-0</Ref>
                </CdtrRefInf>
                <AddtlRmtInf>DRUGO</AddtlRmtInf>
              </Strd>
            </RmtInf>
            <RltdDts>
              <IntrBkSttlmDt>2016-12-19</IntrBkSttlmDt>
            </RltdDts>
          </TxDtls>
        </NtryDtls>
      </Ntry>
      <Ntry>
        <Amt Ccy="EUR">48.63</Amt>
        <CdtDbtInd>CRDT</CdtDbtInd>
        <Sts>BOOK</Sts>
        <BookgDt>
          <Dt>2016-12-19</Dt>
        </BookgDt>
        <ValDt>
          <Dt>2016-12-19</Dt>
        </ValDt>
        <AcctSvcrRef>10001QC2QAXM1YB0</AcctSvcrRef>
        <BkTxCd>
          <Prtry>
            <Cd>NOTPROVIDED</Cd>
          </Prtry>
        </BkTxCd>
        <NtryDtls>
          <TxDtls>
            <Refs>
              <EndToEndId>SI0003-2020-0</EndToEndId>
              <TxId>SI0003-2020-0</TxId>
            </Refs>
            <RltdPties>
              <Dbtr>
                <Nm>Sindi Bažato</Nm>
                <PstlAdr>
                  <Ctry>SI</Ctry>
                  <AdrLine>SLOMSKOV TRG 010 2000 MARIBOR</AdrLine>
                  <AdrLine>-</AdrLine>
                </PstlAdr>
              </Dbtr>
              <DbtrAcct>
                <Id>
                  <IBAN>SI56906720000040025</IBAN>
                </Id>
              </DbtrAcct>
              <Cdtr>
                <Nm>FREJA, D.O.O.</Nm>
                <PstlAdr>
                  <Ctry>SI</Ctry>
                  <AdrLine>GOLOUHOVA ULICA 28</AdrLine>
                  <AdrLine>1000 LJUBLJANA</AdrLine>
                </PstlAdr>
              </Cdtr>
              <CdtrAcct>
                <Id>
                  <IBAN>SI56290000050690990</IBAN>
                </Id>
              </CdtrAcct>
            </RltdPties>
            <RltdAgts>
              <DbtrAgt>
                <FinInstnId>
                  <BIC>PBSLSI22</BIC>
                </FinInstnId>
              </DbtrAgt>
              <CdtrAgt>
                <FinInstnId>
                  <BIC>BACXSI22</BIC>
                </FinInstnId>
              </CdtrAgt>
            </RltdAgts>
            <Purp>
              <Cd>OTHR</Cd>
            </Purp>
            <RmtInf>
              <Strd>
                <CdtrRefInf>
                  <Ref>SI0003-2020-0</Ref>
                </CdtrRefInf>
                <AddtlRmtInf>DRUGO</AddtlRmtInf>
              </Strd>
            </RmtInf>
            <RltdDts>
              <IntrBkSttlmDt>2016-12-19</IntrBkSttlmDt>
            </RltdDts>
          </TxDtls>
        </NtryDtls>
      </Ntry>
      <Ntry>
        <Amt Ccy="EUR">11.43</Amt>
        <CdtDbtInd>CRDT</CdtDbtInd>
        <Sts>BOOK</Sts>
        <BookgDt>
          <Dt>2016-12-19</Dt>
        </BookgDt>
        <ValDt>
          <Dt>2016-12-19</Dt>
        </ValDt>
        <AcctSvcrRef>10001QC2QAXM1YB0</AcctSvcrRef>
        <BkTxCd>
          <Prtry>
            <Cd>NOTPROVIDED</Cd>
          </Prtry>
        </BkTxCd>
        <NtryDtls>
          <TxDtls>
            <Refs>
              <EndToEndId>SI0003-2023-0</EndToEndId>
              <TxId>SI0003-2023-0</TxId>
            </Refs>
            <RltdPties>
              <Dbtr>
                <Nm>Zorica Savic Pisk</Nm>
                <PstlAdr>
                  <Ctry>SI</Ctry>
                  <AdrLine>SLOMSKOV TRG 010 2000 MARIBOR</AdrLine>
                  <AdrLine>-</AdrLine>
                </PstlAdr>
              </Dbtr>
              <DbtrAcct>
                <Id>
                  <IBAN>SI56906720000040025</IBAN>
                </Id>
              </DbtrAcct>
              <Cdtr>
                <Nm>FREJA, D.O.O.</Nm>
                <PstlAdr>
                  <Ctry>SI</Ctry>
                  <AdrLine>GOLOUHOVA ULICA 28</AdrLine>
                  <AdrLine>1000 LJUBLJANA</AdrLine>
                </PstlAdr>
              </Cdtr>
              <CdtrAcct>
                <Id>
                  <IBAN>SI56290000050690990</IBAN>
                </Id>
              </CdtrAcct>
            </RltdPties>
            <RltdAgts>
              <DbtrAgt>
                <FinInstnId>
                  <BIC>PBSLSI22</BIC>
                </FinInstnId>
              </DbtrAgt>
              <CdtrAgt>
                <FinInstnId>
                  <BIC>BACXSI22</BIC>
                </FinInstnId>
              </CdtrAgt>
            </RltdAgts>
            <Purp>
              <Cd>OTHR</Cd>
            </Purp>
            <RmtInf>
              <Strd>
                <CdtrRefInf>
                  <Ref>SI0003-2023-0</Ref>
                </CdtrRefInf>
                <AddtlRmtInf>DRUGO</AddtlRmtInf>
              </Strd>
            </RmtInf>
            <RltdDts>
              <IntrBkSttlmDt>2016-12-19</IntrBkSttlmDt>
            </RltdDts>
          </TxDtls>
        </NtryDtls>
      </Ntry>
      <Ntry>
        <Amt Ccy="EUR">28.19</Amt>
        <CdtDbtInd>CRDT</CdtDbtInd>
        <Sts>BOOK</Sts>
        <BookgDt>
          <Dt>2016-12-19</Dt>
        </BookgDt>
        <ValDt>
          <Dt>2016-12-19</Dt>
        </ValDt>
        <AcctSvcrRef>10001QC2QAXM1YB0</AcctSvcrRef>
        <BkTxCd>
          <Prtry>
            <Cd>NOTPROVIDED</Cd>
          </Prtry>
        </BkTxCd>
        <NtryDtls>
          <TxDtls>
            <Refs>
              <EndToEndId>SI0003-2017-0</EndToEndId>
              <TxId>SI0003-2017-0</TxId>
            </Refs>
            <RltdPties>
              <Dbtr>
                <Nm>Tanja Grčar</Nm>
                <PstlAdr>
                  <Ctry>SI</Ctry>
                  <AdrLine>SLOMSKOV TRG 010 2000 MARIBOR</AdrLine>
                  <AdrLine>-</AdrLine>
                </PstlAdr>
              </Dbtr>
              <DbtrAcct>
                <Id>
                  <IBAN>SI56906720000040025</IBAN>
                </Id>
              </DbtrAcct>
              <Cdtr>
                <Nm>FREJA, D.O.O.</Nm>
                <PstlAdr>
                  <Ctry>SI</Ctry>
                  <AdrLine>GOLOUHOVA ULICA 28</AdrLine>
                  <AdrLine>1000 LJUBLJANA</AdrLine>
                </PstlAdr>
              </Cdtr>
              <CdtrAcct>
                <Id>
                  <IBAN>SI56290000050690990</IBAN>
                </Id>
              </CdtrAcct>
            </RltdPties>
            <RltdAgts>
              <DbtrAgt>
                <FinInstnId>
                  <BIC>PBSLSI22</BIC>
                </FinInstnId>
              </DbtrAgt>
              <CdtrAgt>
                <FinInstnId>
                  <BIC>BACXSI22</BIC>
                </FinInstnId>
              </CdtrAgt>
            </RltdAgts>
            <Purp>
              <Cd>OTHR</Cd>
            </Purp>
            <RmtInf>
              <Strd>
                <CdtrRefInf>
                  <Ref>SI0003-2017-0</Ref>
                </CdtrRefInf>
                <AddtlRmtInf>DRUGO</AddtlRmtInf>
              </Strd>
            </RmtInf>
            <RltdDts>
              <IntrBkSttlmDt>2016-12-19</IntrBkSttlmDt>
            </RltdDts>
          </TxDtls>
        </NtryDtls>
      </Ntry>
      <Ntry>
        <Amt Ccy="EUR">50.8</Amt>
        <CdtDbtInd>CRDT</CdtDbtInd>
        <Sts>BOOK</Sts>
        <BookgDt>
          <Dt>2016-12-19</Dt>
        </BookgDt>
        <ValDt>
          <Dt>2016-12-19</Dt>
        </ValDt>
        <AcctSvcrRef>10001QC2QAXM1YB0</AcctSvcrRef>
        <BkTxCd>
          <Prtry>
            <Cd>NOTPROVIDED</Cd>
          </Prtry>
        </BkTxCd>
        <NtryDtls>
          <TxDtls>
            <Refs>
              <EndToEndId>SI0003-2022-0</EndToEndId>
              <TxId>SI0003-2022-0</TxId>
            </Refs>
            <RltdPties>
              <Dbtr>
                <Nm>Lenart Barat</Nm>
                <PstlAdr>
                  <Ctry>SI</Ctry>
                  <AdrLine>SLOMSKOV TRG 010 2000 MARIBOR</AdrLine>
                  <AdrLine>-</AdrLine>
                </PstlAdr>
              </Dbtr>
              <DbtrAcct>
                <Id>
                  <IBAN>SI56906720000040025</IBAN>
                </Id>
              </DbtrAcct>
              <Cdtr>
                <Nm>FREJA, D.O.O.</Nm>
                <PstlAdr>
                  <Ctry>SI</Ctry>
                  <AdrLine>GOLOUHOVA ULICA 28</AdrLine>
                  <AdrLine>1000 LJUBLJANA</AdrLine>
                </PstlAdr>
              </Cdtr>
              <CdtrAcct>
                <Id>
                  <IBAN>SI56290000050690990</IBAN>
                </Id>
              </CdtrAcct>
            </RltdPties>
            <RltdAgts>
              <DbtrAgt>
                <FinInstnId>
                  <BIC>PBSLSI22</BIC>
                </FinInstnId>
              </DbtrAgt>
              <CdtrAgt>
                <FinInstnId>
                  <BIC>BACXSI22</BIC>
                </FinInstnId>
              </CdtrAgt>
            </RltdAgts>
            <Purp>
              <Cd>OTHR</Cd>
            </Purp>
            <RmtInf>
              <Strd>
                <CdtrRefInf>
                  <Ref>SI0003-2022-0</Ref>
                </CdtrRefInf>
                <AddtlRmtInf>DRUGO</AddtlRmtInf>
              </Strd>
            </RmtInf>
            <RltdDts>
              <IntrBkSttlmDt>2016-12-19</IntrBkSttlmDt>
            </RltdDts>
          </TxDtls>
        </NtryDtls>
      </Ntry>
    </Stmt>
  </BkToCstmrStmt>
</Document>