<?xml version="1.0" encoding="UTF-8" standalone="yes"?>
<Document xmlns="urn:iso:std:iso:20022:tech:xsd:camt.053.001.02" xmlns:xsi="http://www.w3.org/2001/XMLSchema-instance" xsi:schemaLocation="urn:iso:std:iso:20022:tech:xsd:camt.053.001.02 ./camt.053.001.02.xsd">
  <BkToCstmrStmt>
    <GrpHdr>
      <MsgId>2017-01-17T09:12:03/7372</MsgId>
      <CreDtTm>2017-01-17T09:12:03</CreDtTm>
    </GrpHdr>
    <Stmt>
      <Id>10001QC2Q8P1CGVS</Id>
      <LglSeqNb>234</LglSeqNb>
      <CreDtTm>2016-12-05T00:00:00</CreDtTm>
      <Acct>
        <Id>
          <IBAN>SI56290000050690990</IBAN>
        </Id>
        <Ownr>
          <Nm>FREJA, D.O.O.</Nm>
          <PstlAdr>
            <Ctry>SI</Ctry>
            <AdrLine>GOLOUHOVA ULICA 28</AdrLine>
            <AdrLine>1000 LJUBLJANA</AdrLine>
          </PstlAdr>
        </Ownr>
      </Acct>
      <Bal>
        <Tp>
          <CdOrPrtry>
            <Cd>OPBD</Cd>
          </CdOrPrtry>
        </Tp>
        <Amt Ccy="EUR">6000.58</Amt>
        <CdtDbtInd>CRDT</CdtDbtInd>
        <Dt>
          <Dt>2016-12-02</Dt>
        </Dt>
      </Bal>
      <Bal>
        <Tp>
          <CdOrPrtry>
            <Cd>CLBD</Cd>
          </CdOrPrtry>
        </Tp>
        <Amt Ccy="EUR">9844.56</Amt>
        <CdtDbtInd>CRDT</CdtDbtInd>
        <Dt>
          <Dt>2016-12-05</Dt>
        </Dt>
      </Bal>
      <TxsSummry>
        <TtlCdtNtries>
          <NbOfNtries>7</NbOfNtries>
          <Sum>6090.66</Sum>
        </TtlCdtNtries>
        <TtlDbtNtries>
          <NbOfNtries>7</NbOfNtries>
          <Sum>2246.68</Sum>
        </TtlDbtNtries>
      </TxsSummry>
      <Ntry>
        <Amt Ccy="EUR">82.48</Amt>
        <CdtDbtInd>DBIT</CdtDbtInd>
        <Sts>BOOK</Sts>
        <BookgDt>
          <Dt>2016-12-05</Dt>
        </BookgDt>
        <ValDt>
          <Dt>2016-12-02</Dt>
        </ValDt>
        <AcctSvcrRef>10001QC2Q8L539GL</AcctSvcrRef>
        <BkTxCd>
          <Prtry>
            <Cd>NOTPROVIDED</Cd>
          </Prtry>
        </BkTxCd>
        <NtryDtls>
          <TxDtls>
            <Refs>
              <EndToEndId>NOTPROVIDED</EndToEndId>
              <TxId>20161205001841//CLT2-1625729690/374</TxId>
            </Refs>
            <RltdPties>
              <Dbtr>
                <Nm>FREJA, D.O.O.</Nm>
                <PstlAdr>
                  <Ctry>SI</Ctry>
                  <AdrLine>GOLOUHOVA ULICA 28</AdrLine>
                  <AdrLine>1000 LJUBLJANA</AdrLine>
                </PstlAdr>
              </Dbtr>
              <DbtrAcct>
                <Id>
                  <IBAN>SI56290000050690990</IBAN>
                </Id>
              </DbtrAcct>
              <Cdtr>
                <Nm>HIPERMARKET RUDNIK LJUBLJANA-SI</Nm>
                <PstlAdr>
                  <Ctry>SI</Ctry>
                  <AdrLine>-</AdrLine>
                  <AdrLine>-</AdrLine>
                </PstlAdr>
              </Cdtr>
              <CdtrAcct>
                <Id>
                  <Othr>
                    <Id>-</Id>
                  </Othr>
                </Id>
              </CdtrAcct>
            </RltdPties>
            <RltdAgts>
              <DbtrAgt>
                <FinInstnId>
                  <BIC>BACXSI22</BIC>
                </FinInstnId>
              </DbtrAgt>
              <CdtrAgt>
                <FinInstnId>
                  <BIC>BACXSI22</BIC>
                </FinInstnId>
              </CdtrAgt>
            </RltdAgts>
            <RmtInf>
              <Ustrd>POS nakup /Card 6771-XXXX-XXXX-XXXX-366 /82,48 EUR 01/12/16</Ustrd>
            </RmtInf>
            <RltdDts>
              <IntrBkSttlmDt>2016-12-05</IntrBkSttlmDt>
            </RltdDts>
          </TxDtls>
        </NtryDtls>
      </Ntry>
      <Ntry>
        <Amt Ccy="EUR">30.01</Amt>
        <CdtDbtInd>DBIT</CdtDbtInd>
        <Sts>BOOK</Sts>
        <BookgDt>
          <Dt>2016-12-05</Dt>
        </BookgDt>
        <ValDt>
          <Dt>2016-12-03</Dt>
        </ValDt>
        <AcctSvcrRef>10001QC2Q8L539P2</AcctSvcrRef>
        <BkTxCd>
          <Prtry>
            <Cd>NOTPROVIDED</Cd>
          </Prtry>
        </BkTxCd>
        <NtryDtls>
          <TxDtls>
            <Refs>
              <EndToEndId>NOTPROVIDED</EndToEndId>
              <TxId>20161205001855//CLT2-1625813890/374</TxId>
            </Refs>
            <RltdPties>
              <Dbtr>
                <Nm>FREJA, D.O.O.</Nm>
                <PstlAdr>
                  <Ctry>SI</Ctry>
                  <AdrLine>GOLOUHOVA ULICA 28</AdrLine>
                  <AdrLine>1000 LJUBLJANA</AdrLine>
                </PstlAdr>
              </Dbtr>
              <DbtrAcct>
                <Id>
                  <IBAN>SI56290000050690990</IBAN>
                </Id>
              </DbtrAcct>
              <Cdtr>
                <Nm>AVTOCRPALKA LJUBLJANA LJUBLJANA-SI</Nm>
                <PstlAdr>
                  <Ctry>SI</Ctry>
                  <AdrLine>-</AdrLine>
                  <AdrLine>-</AdrLine>
                </PstlAdr>
              </Cdtr>
              <CdtrAcct>
                <Id>
                  <Othr>
                    <Id>-</Id>
                  </Othr>
                </Id>
              </CdtrAcct>
            </RltdPties>
            <RltdAgts>
              <DbtrAgt>
                <FinInstnId>
                  <BIC>BACXSI22</BIC>
                </FinInstnId>
              </DbtrAgt>
              <CdtrAgt>
                <FinInstnId>
                  <BIC>BACXSI22</BIC>
                </FinInstnId>
              </CdtrAgt>
            </RltdAgts>
            <RmtInf>
              <Ustrd>POS nakup /Card 6771-XXXX-XXXX-XXXX-338 /30,01 EUR 02/12/16</Ustrd>
            </RmtInf>
            <RltdDts>
              <IntrBkSttlmDt>2016-12-05</IntrBkSttlmDt>
            </RltdDts>
          </TxDtls>
        </NtryDtls>
      </Ntry>
      <Ntry>
        <Amt Ccy="EUR">26.36</Amt>
        <CdtDbtInd>DBIT</CdtDbtInd>
        <Sts>BOOK</Sts>
        <BookgDt>
          <Dt>2016-12-05</Dt>
        </BookgDt>
        <ValDt>
          <Dt>2016-12-03</Dt>
        </ValDt>
        <AcctSvcrRef>10001QC2Q8L539P4</AcctSvcrRef>
        <BkTxCd>
          <Prtry>
            <Cd>NOTPROVIDED</Cd>
          </Prtry>
        </BkTxCd>
        <NtryDtls>
          <TxDtls>
            <Refs>
              <EndToEndId>NOTPROVIDED</EndToEndId>
              <TxId>20161205001859//CLT2-1625816267/374</TxId>
            </Refs>
            <RltdPties>
              <Dbtr>
                <Nm>FREJA, D.O.O.</Nm>
                <PstlAdr>
                  <Ctry>SI</Ctry>
                  <AdrLine>GOLOUHOVA ULICA 28</AdrLine>
                  <AdrLine>1000 LJUBLJANA</AdrLine>
                </PstlAdr>
              </Dbtr>
              <DbtrAcct>
                <Id>
                  <IBAN>SI56290000050690990</IBAN>
                </Id>
              </DbtrAcct>
              <Cdtr>
                <Nm>HIPERMARKET RUDNIK LJUBLJANA-SI</Nm>
                <PstlAdr>
                  <Ctry>SI</Ctry>
                  <AdrLine>-</AdrLine>
                  <AdrLine>-</AdrLine>
                </PstlAdr>
              </Cdtr>
              <CdtrAcct>
                <Id>
                  <Othr>
                    <Id>-</Id>
                  </Othr>
                </Id>
              </CdtrAcct>
            </RltdPties>
            <RltdAgts>
              <DbtrAgt>
                <FinInstnId>
                  <BIC>BACXSI22</BIC>
                </FinInstnId>
              </DbtrAgt>
              <CdtrAgt>
                <FinInstnId>
                  <BIC>BACXSI22</BIC>
                </FinInstnId>
              </CdtrAgt>
            </RltdAgts>
            <RmtInf>
              <Ustrd>POS nakup /Card 6771-XXXX-XXXX-XXXX-366 /26,36 EUR 02/12/16</Ustrd>
            </RmtInf>
            <RltdDts>
              <IntrBkSttlmDt>2016-12-05</IntrBkSttlmDt>
            </RltdDts>
          </TxDtls>
        </NtryDtls>
      </Ntry>
      <Ntry>
        <Amt Ccy="EUR">25.00</Amt>
        <CdtDbtInd>DBIT</CdtDbtInd>
        <Sts>BOOK</Sts>
        <BookgDt>
          <Dt>2016-12-05</Dt>
        </BookgDt>
        <ValDt>
          <Dt>2016-12-03</Dt>
        </ValDt>
        <AcctSvcrRef>10001QC2Q8L539P6</AcctSvcrRef>
        <BkTxCd>
          <Prtry>
            <Cd>NOTPROVIDED</Cd>
          </Prtry>
        </BkTxCd>
        <NtryDtls>
          <TxDtls>
            <Refs>
              <EndToEndId>NOTPROVIDED</EndToEndId>
              <TxId>20161205001913//CLT2-1625840889/374</TxId>
            </Refs>
            <RltdPties>
              <Dbtr>
                <Nm>FREJA, D.O.O.</Nm>
                <PstlAdr>
                  <Ctry>SI</Ctry>
                  <AdrLine>GOLOUHOVA ULICA 28</AdrLine>
                  <AdrLine>1000 LJUBLJANA</AdrLine>
                </PstlAdr>
              </Dbtr>
              <DbtrAcct>
                <Id>
                  <IBAN>SI56290000050690990</IBAN>
                </Id>
              </DbtrAcct>
              <Cdtr>
                <Nm>Gostilna AS Ljubljana-SI</Nm>
                <PstlAdr>
                  <Ctry>SI</Ctry>
                  <AdrLine>-</AdrLine>
                  <AdrLine>-</AdrLine>
                </PstlAdr>
              </Cdtr>
              <CdtrAcct>
                <Id>
                  <Othr>
                    <Id>-</Id>
                  </Othr>
                </Id>
              </CdtrAcct>
            </RltdPties>
            <RltdAgts>
              <DbtrAgt>
                <FinInstnId>
                  <BIC>BACXSI22</BIC>
                </FinInstnId>
              </DbtrAgt>
              <CdtrAgt>
                <FinInstnId>
                  <BIC>BACXSI22</BIC>
                </FinInstnId>
              </CdtrAgt>
            </RltdAgts>
            <RmtInf>
              <Ustrd>POS nakup /Card 6771-XXXX-XXXX-XXXX-338 /25,00 EUR 02/12/16</Ustrd>
            </RmtInf>
            <RltdDts>
              <IntrBkSttlmDt>2016-12-05</IntrBkSttlmDt>
            </RltdDts>
          </TxDtls>
        </NtryDtls>
      </Ntry>
      <Ntry>
        <Amt Ccy="EUR">682.03</Amt>
        <CdtDbtInd>DBIT</CdtDbtInd>
        <Sts>BOOK</Sts>
        <BookgDt>
          <Dt>2016-12-05</Dt>
        </BookgDt>
        <ValDt>
          <Dt>2016-12-05</Dt>
        </ValDt>
        <AcctSvcrRef>10001QC2Q8L58YLN</AcctSvcrRef>
        <BkTxCd>
          <Prtry>
            <Cd>NOTPROVIDED</Cd>
          </Prtry>
        </BkTxCd>
        <NtryDtls>
          <TxDtls>
            <Refs>
              <InstrId>10001QC2Q80EKQAU</InstrId>
              <EndToEndId>NOTPROVIDED</EndToEndId>
              <TxId>20161205610043//00131026332/507</TxId>
            </Refs>
            <RltdPties>
              <Dbtr>
                <Nm>FREJA, D.O.O.</Nm>
                <PstlAdr>
                  <Ctry>SI</Ctry>
                  <AdrLine>GOLOUHOVA ULICA 28</AdrLine>
                  <AdrLine>1000 LJUBLJANA</AdrLine>
                </PstlAdr>
              </Dbtr>
              <DbtrAcct>
                <Id>
                  <IBAN>SI56290000050690990</IBAN>
                </Id>
              </DbtrAcct>
              <Cdtr>
                <Nm>GREGOR IHAN S.P. </Nm>
                <PstlAdr>
                  <Ctry>SI</Ctry>
                  <AdrLine>TRZASKA CESTA 133 LJUBLJANA</AdrLine>
                  <AdrLine>-</AdrLine>
                </PstlAdr>
              </Cdtr>
              <CdtrAcct>
                <Id>
                  <IBAN>SI56020580256385492</IBAN>
                </Id>
              </CdtrAcct>
            </RltdPties>
            <RltdAgts>
              <DbtrAgt>
                <FinInstnId>
                  <BIC>BACXSI22</BIC>
                </FinInstnId>
              </DbtrAgt>
              <CdtrAgt>
                <FinInstnId>
                  <BIC>LJBASI2X</BIC>
                </FinInstnId>
              </CdtrAgt>
            </RltdAgts>
            <Purp>
              <Cd>GDSV</Cd>
            </Purp>
            <RmtInf>
              <Strd>
                <CdtrRefInf>
                  <Ref>SI00985-98870017</Ref>
                </CdtrRefInf>
                <AddtlRmtInf>PLAC.RAC.1-1-3428</AddtlRmtInf>
              </Strd>
            </RmtInf>
            <RltdDts>
              <IntrBkSttlmDt>2016-12-05</IntrBkSttlmDt>
            </RltdDts>
          </TxDtls>
        </NtryDtls>
      </Ntry>
      <Ntry>
        <Amt Ccy="EUR">13.87</Amt>
        <CdtDbtInd>CRDT</CdtDbtInd>
        <Sts>BOOK</Sts>
        <BookgDt>
          <Dt>2016-12-05</Dt>
        </BookgDt>
        <ValDt>
          <Dt>2016-12-05</Dt>
        </ValDt>
        <AcctSvcrRef>10001QC2Q8LCFYNN</AcctSvcrRef>
        <BkTxCd>
          <Prtry>
            <Cd>NOTPROVIDED</Cd>
          </Prtry>
        </BkTxCd>
        <NtryDtls>
          <TxDtls>
            <Refs>
              <EndToEndId>SI99</EndToEndId>
              <TxId>20161205610050//00131106696/540</TxId>
            </Refs>
            <RltdPties>
              <Dbtr>
                <Nm>JELKA DOLENC </Nm>
                <PstlAdr>
                  <Ctry>SI</Ctry>
                  <AdrLine>RAVNE 4 4290 TRZIC</AdrLine>
                  <AdrLine>-</AdrLine>
                </PstlAdr>
              </Dbtr>
              <DbtrAcct>
                <Id>
                  <IBAN>SI56051007005967660</IBAN>
                </Id>
              </DbtrAcct>
              <Cdtr>
                <Nm>FREJA, D.O.O.</Nm>
                <PstlAdr>
                  <Ctry>SI</Ctry>
                  <AdrLine>GOLOUHOVA ULICA 28</AdrLine>
                  <AdrLine>1000 LJUBLJANA</AdrLine>
                </PstlAdr>
              </Cdtr>
              <CdtrAcct>
                <Id>
                  <IBAN>SI56290000050690990</IBAN>
                </Id>
              </CdtrAcct>
            </RltdPties>
            <RltdAgts>
              <DbtrAgt>
                <FinInstnId>
                  <BIC>ABANSI2X</BIC>
                </FinInstnId>
              </DbtrAgt>
              <CdtrAgt>
                <FinInstnId>
                  <BIC>BACXSI22</BIC>
                </FinInstnId>
              </CdtrAgt>
            </RltdAgts>
            <Purp>
              <Cd>WEBI</Cd>
            </Purp>
            <RmtInf>
              <Strd>
                <CdtrRefInf>
                  <Ref>SI002016-15887</Ref>
                </CdtrRefInf>
                <AddtlRmtInf>INTERNETNO INICIIRANA TRANSAKCIJA</AddtlRmtInf>
              </Strd>
            </RmtInf>
            <RltdDts>
              <IntrBkSttlmDt>2016-12-05</IntrBkSttlmDt>
            </RltdDts>
          </TxDtls>
        </NtryDtls>
      </Ntry>
      <Ntry>
        <Amt Ccy="EUR">1400.00</Amt>
        <CdtDbtInd>DBIT</CdtDbtInd>
        <Sts>BOOK</Sts>
        <BookgDt>
          <Dt>2016-12-05</Dt>
        </BookgDt>
        <ValDt>
          <Dt>2016-12-05</Dt>
        </ValDt>
        <AcctSvcrRef>10001QC2Q8LTVPPS</AcctSvcrRef>
        <BkTxCd>
          <Prtry>
            <Cd>NOTPROVIDED</Cd>
          </Prtry>
        </BkTxCd>
        <NtryDtls>
          <TxDtls>
            <Refs>
              <InstrId>10001QC2Q8LS4QB8</InstrId>
              <EndToEndId>NOTPROVIDED</EndToEndId>
              <TxId>20161205610065//00131122861/508</TxId>
            </Refs>
            <RltdPties>
              <Dbtr>
                <Nm>FREJA, D.O.O.</Nm>
                <PstlAdr>
                  <Ctry>SI</Ctry>
                  <AdrLine>GOLOUHOVA ULICA 28</AdrLine>
                  <AdrLine>1000 LJUBLJANA</AdrLine>
                </PstlAdr>
              </Dbtr>
              <DbtrAcct>
                <Id>
                  <IBAN>SI56290000050690990</IBAN>
                </Id>
              </DbtrAcct>
              <Cdtr>
                <Nm>FANCI D.O.O. </Nm>
                <PstlAdr>
                  <Ctry>SI</Ctry>
                  <AdrLine>GOLOUHOVA ULICA 30 1000 LJUBLJANA</AdrLine>
                  <AdrLine>-</AdrLine>
                </PstlAdr>
              </Cdtr>
              <CdtrAcct>
                <Id>
                  <IBAN>SI56290000051090727</IBAN>
                </Id>
              </CdtrAcct>
            </RltdPties>
            <RltdAgts>
              <DbtrAgt>
                <FinInstnId>
                  <BIC>BACXSI22</BIC>
                </FinInstnId>
              </DbtrAgt>
              <CdtrAgt>
                <FinInstnId>
                  <BIC>BACXSI22</BIC>
                </FinInstnId>
              </CdtrAgt>
            </RltdAgts>
            <Purp>
              <Cd>SUPP</Cd>
            </Purp>
            <RmtInf>
              <Strd>
                <CdtrRefInf>
                  <Ref>SI000</Ref>
                </CdtrRefInf>
                <AddtlRmtInf>PLR</AddtlRmtInf>
              </Strd>
            </RmtInf>
            <RltdDts>
              <IntrBkSttlmDt>2016-12-05</IntrBkSttlmDt>
            </RltdDts>
          </TxDtls>
        </NtryDtls>
      </Ntry>
      <Ntry>
        <Amt Ccy="EUR">184.55</Amt>
        <CdtDbtInd>CRDT</CdtDbtInd>
        <Sts>BOOK</Sts>
        <BookgDt>
          <Dt>2016-12-05</Dt>
        </BookgDt>
        <ValDt>
          <Dt>2016-12-05</Dt>
        </ValDt>
        <AcctSvcrRef>10001QC2Q8M8JY0N</AcctSvcrRef>
        <BkTxCd>
          <Prtry>
            <Cd>NOTPROVIDED</Cd>
          </Prtry>
        </BkTxCd>
        <NtryDtls>
          <TxDtls>
            <Refs>
              <EndToEndId>NOTPROVIDED</EndToEndId>
              <TxId>20161205610077//00131127150/540</TxId>
            </Refs>
            <RltdPties>
              <Dbtr>
                <Nm>EKOZMETICNI SALON D.O.O. </Nm>
                <PstlAdr>
                  <Ctry>SI</Ctry>
                  <AdrLine>CESTA NA BRDO 45 1000 LJUBLJANA</AdrLine>
                  <AdrLine>-</AdrLine>
                </PstlAdr>
              </Dbtr>
              <DbtrAcct>
                <Id>
                  <IBAN>SI56031601000904270</IBAN>
                </Id>
              </DbtrAcct>
              <Cdtr>
                <Nm>FREJA, D.O.O.</Nm>
                <PstlAdr>
                  <Ctry>SI</Ctry>
                  <AdrLine>GOLOUHOVA ULICA 28</AdrLine>
                  <AdrLine>1000 LJUBLJANA</AdrLine>
                </PstlAdr>
              </Cdtr>
              <CdtrAcct>
                <Id>
                  <IBAN>SI56290000050690990</IBAN>
                </Id>
              </CdtrAcct>
            </RltdPties>
            <RltdAgts>
              <DbtrAgt>
                <FinInstnId>
                  <BIC>SKBASI2X</BIC>
                </FinInstnId>
              </DbtrAgt>
              <CdtrAgt>
                <FinInstnId>
                  <BIC>BACXSI22</BIC>
                </FinInstnId>
              </CdtrAgt>
            </RltdAgts>
            <Purp>
              <Cd>SUPP</Cd>
            </Purp>
            <RmtInf>
              <Strd>
                <CdtrRefInf>
                  <Ref>SI001045-0</Ref>
                </CdtrRefInf>
                <AddtlRmtInf>PLACILO DOBAVITELJEM</AddtlRmtInf>
              </Strd>
            </RmtInf>
            <RltdDts>
              <IntrBkSttlmDt>2016-12-05</IntrBkSttlmDt>
            </RltdDts>
          </TxDtls>
        </NtryDtls>
      </Ntry>
      <Ntry>
        <Amt Ccy="EUR">86.57</Amt>
        <CdtDbtInd>CRDT</CdtDbtInd>
        <Sts>BOOK</Sts>
        <BookgDt>
          <Dt>2016-12-05</Dt>
        </BookgDt>
        <ValDt>
          <Dt>2016-12-05</Dt>
        </ValDt>
        <AcctSvcrRef>10001QC2Q8M8JY0S</AcctSvcrRef>
        <BkTxCd>
          <Prtry>
            <Cd>NOTPROVIDED</Cd>
          </Prtry>
        </BkTxCd>
        <NtryDtls>
          <TxDtls>
            <Refs>
              <EndToEndId>SI99</EndToEndId>
              <TxId>20161205610077//00131129427/540</TxId>
            </Refs>
            <RltdPties>
              <Dbtr>
                <Nm>FREYA INT D.O.O. </Nm>
                <PstlAdr>
                  <Ctry>SI</Ctry>
                  <AdrLine>BEVKOVA ULICA 4 1233 DOB PRI DOMZALAH</AdrLine>
                  <AdrLine>-</AdrLine>
                </PstlAdr>
              </Dbtr>
              <DbtrAcct>
                <Id>
                  <IBAN>SI56101000055265454</IBAN>
                </Id>
              </DbtrAcct>
              <Cdtr>
                <Nm>FREJA, D.O.O.</Nm>
                <PstlAdr>
                  <Ctry>SI</Ctry>
                  <AdrLine>GOLOUHOVA ULICA 28</AdrLine>
                  <AdrLine>1000 LJUBLJANA</AdrLine>
                </PstlAdr>
              </Cdtr>
              <CdtrAcct>
                <Id>
                  <IBAN>SI56290000050690990</IBAN>
                </Id>
              </CdtrAcct>
            </RltdPties>
            <RltdAgts>
              <DbtrAgt>
                <FinInstnId>
                  <BIC>BAKOSI2X</BIC>
                </FinInstnId>
              </DbtrAgt>
              <CdtrAgt>
                <FinInstnId>
                  <BIC>BACXSI22</BIC>
                </FinInstnId>
              </CdtrAgt>
            </RltdAgts>
            <Purp>
              <Cd>OTHR</Cd>
            </Purp>
            <RmtInf>
              <Strd>
                <CdtrRefInf>
                  <Ref>SI00157-0</Ref>
                </CdtrRefInf>
                <AddtlRmtInf>DRUGO</AddtlRmtInf>
              </Strd>
            </RmtInf>
            <RltdDts>
              <IntrBkSttlmDt>2016-12-05</IntrBkSttlmDt>
            </RltdDts>
          </TxDtls>
        </NtryDtls>
      </Ntry>
      <Ntry>
        <Amt Ccy="EUR">2422.47</Amt>
        <CdtDbtInd>CRDT</CdtDbtInd>
        <Sts>BOOK</Sts>
        <BookgDt>
          <Dt>2016-12-05</Dt>
        </BookgDt>
        <ValDt>
          <Dt>2016-12-05</Dt>
        </ValDt>
        <AcctSvcrRef>10001QC2Q8MYH9NG</AcctSvcrRef>
        <BkTxCd>
          <Prtry>
            <Cd>NOTPROVIDED</Cd>
          </Prtry>
        </BkTxCd>
        <NtryDtls>
          <TxDtls>
            <Refs>
              <EndToEndId>RE201612030018943-301569790</EndToEndId>
              <TxId>20161205515110//6340903824/100</TxId>
            </Refs>
            <RltdPties>
              <Dbtr>
                <Nm>SIX PAYMENT SERVICES (AUT), ATU1535 5906</Nm>
                <PstlAdr>
                  <Ctry>AT</Ctry>
                  <AdrLine>1030 MARXERGASSE 1B</AdrLine>
                  <AdrLine>-</AdrLine>
                </PstlAdr>
              </Dbtr>
              <DbtrAcct>
                <Id>
                  <IBAN>AT447603020000000009</IBAN>
                </Id>
              </DbtrAcct>
              <Cdtr>
                <Nm>FREJA, D.O.O.</Nm>
                <PstlAdr>
                  <Ctry>SI</Ctry>
                  <AdrLine>GOLOUHOVA ULICA 28</AdrLine>
                  <AdrLine>1000 LJUBLJANA</AdrLine>
                </PstlAdr>
              </Cdtr>
              <CdtrAcct>
                <Id>
                  <IBAN>SI56290000050690990</IBAN>
                </Id>
              </CdtrAcct>
            </RltdPties>
            <RltdAgts>
              <DbtrAgt>
                <FinInstnId>
                  <BIC>PLBKATWWXXX</BIC>
                </FinInstnId>
              </DbtrAgt>
              <CdtrAgt>
                <FinInstnId>
                  <BIC>BACXSI22XXX</BIC>
                </FinInstnId>
              </CdtrAgt>
            </RltdAgts>
            <RmtInf>
              <Ustrd>RE201612030018943-301569790/BR+2446,05/DI-23,58/DM1203+1086,65/CM1203+901,09/CV1203+458,31</Ustrd>
            </RmtInf>
            <RltdDts>
              <IntrBkSttlmDt>2016-12-05</IntrBkSttlmDt>
            </RltdDts>
          </TxDtls>
        </NtryDtls>
      </Ntry>
      <Ntry>
        <Amt Ccy="EUR">2196.35</Amt>
        <CdtDbtInd>CRDT</CdtDbtInd>
        <Sts>BOOK</Sts>
        <BookgDt>
          <Dt>2016-12-05</Dt>
        </BookgDt>
        <ValDt>
          <Dt>2016-12-05</Dt>
        </ValDt>
        <AcctSvcrRef>10001QC2Q8MYH9TC</AcctSvcrRef>
        <BkTxCd>
          <Prtry>
            <Cd>NOTPROVIDED</Cd>
          </Prtry>
        </BkTxCd>
        <NtryDtls>
          <TxDtls>
            <Refs>
              <EndToEndId>RE201612020025616-301569790</EndToEndId>
              <TxId>20161205515164//6340903835/100</TxId>
            </Refs>
            <RltdPties>
              <Dbtr>
                <Nm>SIX PAYMENT SERVICES (AUT), ATU1535 5906</Nm>
                <PstlAdr>
                  <Ctry>AT</Ctry>
                  <AdrLine>1030 MARXERGASSE 1B</AdrLine>
                  <AdrLine>-</AdrLine>
                </PstlAdr>
              </Dbtr>
              <DbtrAcct>
                <Id>
                  <IBAN>AT447603020000000009</IBAN>
                </Id>
              </DbtrAcct>
              <Cdtr>
                <Nm>FREJA, D.O.O.</Nm>
                <PstlAdr>
                  <Ctry>SI</Ctry>
                  <AdrLine>GOLOUHOVA ULICA 28</AdrLine>
                  <AdrLine>1000 LJUBLJANA</AdrLine>
                </PstlAdr>
              </Cdtr>
              <CdtrAcct>
                <Id>
                  <IBAN>SI56290000050690990</IBAN>
                </Id>
              </CdtrAcct>
            </RltdPties>
            <RltdAgts>
              <DbtrAgt>
                <FinInstnId>
                  <BIC>PLBKATWWXXX</BIC>
                </FinInstnId>
              </DbtrAgt>
              <CdtrAgt>
                <FinInstnId>
                  <BIC>BACXSI22XXX</BIC>
                </FinInstnId>
              </CdtrAgt>
            </RltdAgts>
            <RmtInf>
              <Ustrd>RE201612020025616-301569790/BR+2216,74/DI-20,39/DM1202+1243,41/CM1202+429,51/CV1202+543,82</Ustrd>
            </RmtInf>
            <RltdDts>
              <IntrBkSttlmDt>2016-12-05</IntrBkSttlmDt>
            </RltdDts>
          </TxDtls>
        </NtryDtls>
      </Ntry>
      <Ntry>
        <Amt Ccy="EUR">110.27</Amt>
        <CdtDbtInd>CRDT</CdtDbtInd>
        <Sts>BOOK</Sts>
        <BookgDt>
          <Dt>2016-12-05</Dt>
        </BookgDt>
        <ValDt>
          <Dt>2016-12-05</Dt>
        </ValDt>
        <AcctSvcrRef>10001QC2Q8N7HB7S</AcctSvcrRef>
        <BkTxCd>
          <Prtry>
            <Cd>NOTPROVIDED</Cd>
          </Prtry>
        </BkTxCd>
        <NtryDtls>
          <TxDtls>
            <Refs>
              <EndToEndId>SI002016-15896</EndToEndId>
              <TxId>20161205610105//00131154634/540</TxId>
            </Refs>
            <RltdPties>
              <Dbtr>
                <Nm>VENGUST MAJA </Nm>
                <PstlAdr>
                  <Ctry>SI</Ctry>
                  <AdrLine>BELOVO 022 3270 LASKO</AdrLine>
                  <AdrLine>-</AdrLine>
                </PstlAdr>
              </Dbtr>
              <DbtrAcct>
                <Id>
                  <IBAN>SI56340001014756164</IBAN>
                </Id>
              </DbtrAcct>
              <Cdtr>
                <Nm>FREJA, D.O.O.</Nm>
                <PstlAdr>
                  <Ctry>SI</Ctry>
                  <AdrLine>GOLOUHOVA ULICA 28</AdrLine>
                  <AdrLine>1000 LJUBLJANA</AdrLine>
                </PstlAdr>
              </Cdtr>
              <CdtrAcct>
                <Id>
                  <IBAN>SI56290000050690990</IBAN>
                </Id>
              </CdtrAcct>
            </RltdPties>
            <RltdAgts>
              <DbtrAgt>
                <FinInstnId>
                  <BIC>KSPKSI22</BIC>
                </FinInstnId>
              </DbtrAgt>
              <CdtrAgt>
                <FinInstnId>
                  <BIC>BACXSI22</BIC>
                </FinInstnId>
              </CdtrAgt>
            </RltdAgts>
            <Purp>
              <Cd>OTHR</Cd>
            </Purp>
            <RmtInf>
              <Strd>
                <CdtrRefInf>
                  <Ref>SI002016-15896</Ref>
                </CdtrRefInf>
                <AddtlRmtInf>DRUGO</AddtlRmtInf>
              </Strd>
            </RmtInf>
            <RltdDts>
              <IntrBkSttlmDt>2016-12-05</IntrBkSttlmDt>
            </RltdDts>
          </TxDtls>
        </NtryDtls>
      </Ntry>
      <Ntry>
        <Amt Ccy="EUR">0.80</Amt>
        <CdtDbtInd>DBIT</CdtDbtInd>
        <Sts>BOOK</Sts>
        <BookgDt>
          <Dt>2016-12-05</Dt>
        </BookgDt>
        <ValDt>
          <Dt>2016-12-05</Dt>
        </ValDt>
        <AcctSvcrRef>10001QC2Q8P1CH6C</AcctSvcrRef>
        <BkTxCd>
          <Prtry>
            <Cd>NOTPROVIDED</Cd>
          </Prtry>
        </BkTxCd>
        <NtryDtls>
          <TxDtls>
            <Refs>
              <EndToEndId>NOTPROVIDED</EndToEndId>
              <TxId>20161205999922///283</TxId>
            </Refs>
            <RltdPties>
              <Dbtr>
                <Nm>FREJA, D.O.O.</Nm>
                <PstlAdr>
                  <Ctry>SI</Ctry>
                  <AdrLine>GOLOUHOVA ULICA 28</AdrLine>
                  <AdrLine>1000 LJUBLJANA</AdrLine>
                </PstlAdr>
              </Dbtr>
              <DbtrAcct>
                <Id>
                  <IBAN>SI56290000050690990</IBAN>
                </Id>
              </DbtrAcct>
              <Cdtr>
                <Nm>-</Nm>
                <PstlAdr>
                  <Ctry>SI</Ctry>
                  <AdrLine>-</AdrLine>
                  <AdrLine>-</AdrLine>
                </PstlAdr>
              </Cdtr>
              <CdtrAcct>
                <Id>
                  <Othr>
                    <Id>-</Id>
                  </Othr>
                </Id>
              </CdtrAcct>
            </RltdPties>
            <RltdAgts>
              <DbtrAgt>
                <FinInstnId>
                  <BIC>BACXSI22</BIC>
                </FinInstnId>
              </DbtrAgt>
              <CdtrAgt>
                <FinInstnId>
                  <BIC>BACXSI22</BIC>
                </FinInstnId>
              </CdtrAgt>
            </RltdAgts>
            <RmtInf>
              <Ustrd>PROVIZIJA ELEKTR. STAND. 1 x 0,80 EUR</Ustrd>
            </RmtInf>
            <RltdDts>
              <IntrBkSttlmDt>2016-12-05</IntrBkSttlmDt>
            </RltdDts>
          </TxDtls>
        </NtryDtls>
      </Ntry>
      <Ntry>
        <Amt Ccy="EUR">154.58</Amt>
        <CdtDbtInd>CRDT</CdtDbtInd>
        <Sts>BOOK</Sts>
        <BookgDt>
          <Dt>2016-12-05</Dt>
        </BookgDt>
        <ValDt>
          <Dt>2016-12-05</Dt>
        </ValDt>
        <AcctSvcrRef>10001QC2Q8LSH2MJ</AcctSvcrRef>
        <BkTxCd>
          <Prtry>
            <Cd>NOTPROVIDED</Cd>
          </Prtry>
        </BkTxCd>
        <NtryDtls>
          <TxDtls>
            <Refs>
              <EndToEndId>SI0003-1921-0</EndToEndId>
              <TxId>SI0003-1921-0</TxId>
            </Refs>
            <RltdPties>
              <Dbtr>
                <Nm>Salon Lepote Tinails</Nm>
                <PstlAdr>
                  <Ctry>SI</Ctry>
                  <AdrLine>SLOMSKOV TRG 010 2000 MARIBOR</AdrLine>
                  <AdrLine>-</AdrLine>
                </PstlAdr>
              </Dbtr>
              <DbtrAcct>
                <Id>
                  <IBAN>SI56906720000040025</IBAN>
                </Id>
              </DbtrAcct>
              <Cdtr>
                <Nm>FREJA, D.O.O.</Nm>
                <PstlAdr>
                  <Ctry>SI</Ctry>
                  <AdrLine>GOLOUHOVA ULICA 28</AdrLine>
                  <AdrLine>1000 LJUBLJANA</AdrLine>
                </PstlAdr>
              </Cdtr>
              <CdtrAcct>
                <Id>
                  <IBAN>SI56290000050690990</IBAN>
                </Id>
              </CdtrAcct>
            </RltdPties>
            <RltdAgts>
              <DbtrAgt>
                <FinInstnId>
                  <BIC>PBSLSI22</BIC>
                </FinInstnId>
              </DbtrAgt>
              <CdtrAgt>
                <FinInstnId>
                  <BIC>BACXSI22</BIC>
                </FinInstnId>
              </CdtrAgt>
            </RltdAgts>
            <Purp>
              <Cd>OTHR</Cd>
            </Purp>
            <RmtInf>
              <Strd>
                <CdtrRefInf>
                  <Ref>SI0003-1921-0</Ref>
                </CdtrRefInf>
                <AddtlRmtInf>DRUGO</AddtlRmtInf>
              </Strd>
            </RmtInf>
            <RltdDts>
              <IntrBkSttlmDt>2016-12-05</IntrBkSttlmDt>
            </RltdDts>
          </TxDtls>
        </NtryDtls>
      </Ntry>
      <Ntry>
        <Amt Ccy="EUR">27.45</Amt>
        <CdtDbtInd>CRDT</CdtDbtInd>
        <Sts>BOOK</Sts>
        <BookgDt>
          <Dt>2016-12-05</Dt>
        </BookgDt>
        <ValDt>
          <Dt>2016-12-05</Dt>
        </ValDt>
        <AcctSvcrRef>10001QC2Q8LSH2MJ</AcctSvcrRef>
        <BkTxCd>
          <Prtry>
            <Cd>NOTPROVIDED</Cd>
          </Prtry>
        </BkTxCd>
        <NtryDtls>
          <TxDtls>
            <Refs>
              <EndToEndId>SI0003-1912-0</EndToEndId>
              <TxId>SI0003-1912-0</TxId>
            </Refs>
            <RltdPties>
              <Dbtr>
                <Nm>Natalija Tavčer</Nm>
                <PstlAdr>
                  <Ctry>SI</Ctry>
                  <AdrLine>SLOMSKOV TRG 010 2000 MARIBOR</AdrLine>
                  <AdrLine>-</AdrLine>
                </PstlAdr>
              </Dbtr>
              <DbtrAcct>
                <Id>
                  <IBAN>SI56906720000040025</IBAN>
                </Id>
              </DbtrAcct>
              <Cdtr>
                <Nm>FREJA, D.O.O.</Nm>
                <PstlAdr>
                  <Ctry>SI</Ctry>
                  <AdrLine>GOLOUHOVA ULICA 28</AdrLine>
                  <AdrLine>1000 LJUBLJANA</AdrLine>
                </PstlAdr>
              </Cdtr>
              <CdtrAcct>
                <Id>
                  <IBAN>SI56290000050690990</IBAN>
                </Id>
              </CdtrAcct>
            </RltdPties>
            <RltdAgts>
              <DbtrAgt>
                <FinInstnId>
                  <BIC>PBSLSI22</BIC>
                </FinInstnId>
              </DbtrAgt>
              <CdtrAgt>
                <FinInstnId>
                  <BIC>BACXSI22</BIC>
                </FinInstnId>
              </CdtrAgt>
            </RltdAgts>
            <Purp>
              <Cd>OTHR</Cd>
            </Purp>
            <RmtInf>
              <Strd>
                <CdtrRefInf>
                  <Ref>SI0003-1912-0</Ref>
                </CdtrRefInf>
                <AddtlRmtInf>DRUGO</AddtlRmtInf>
              </Strd>
            </RmtInf>
            <RltdDts>
              <IntrBkSttlmDt>2016-12-05</IntrBkSttlmDt>
            </RltdDts>
          </TxDtls>
        </NtryDtls>
      </Ntry>
      <Ntry>
        <Amt Ccy="EUR">14.42</Amt>
        <CdtDbtInd>CRDT</CdtDbtInd>
        <Sts>BOOK</Sts>
        <BookgDt>
          <Dt>2016-12-05</Dt>
        </BookgDt>
        <ValDt>
          <Dt>2016-12-05</Dt>
        </ValDt>
        <AcctSvcrRef>10001QC2Q8LSH2MJ</AcctSvcrRef>
        <BkTxCd>
          <Prtry>
            <Cd>NOTPROVIDED</Cd>
          </Prtry>
        </BkTxCd>
        <NtryDtls>
          <TxDtls>
            <Refs>
              <EndToEndId>SI0003-1889-0</EndToEndId>
              <TxId>SI0003-1889-0</TxId>
            </Refs>
            <RltdPties>
              <Dbtr>
                <Nm>Barbara Gačnik</Nm>
                <PstlAdr>
                  <Ctry>SI</Ctry>
                  <AdrLine>SLOMSKOV TRG 010 2000 MARIBOR</AdrLine>
                  <AdrLine>-</AdrLine>
                </PstlAdr>
              </Dbtr>
              <DbtrAcct>
                <Id>
                  <IBAN>SI56906720000040025</IBAN>
                </Id>
              </DbtrAcct>
              <Cdtr>
                <Nm>FREJA, D.O.O.</Nm>
                <PstlAdr>
                  <Ctry>SI</Ctry>
                  <AdrLine>GOLOUHOVA ULICA 28</AdrLine>
                  <AdrLine>1000 LJUBLJANA</AdrLine>
                </PstlAdr>
              </Cdtr>
              <CdtrAcct>
                <Id>
                  <IBAN>SI56290000050690990</IBAN>
                </Id>
              </CdtrAcct>
            </RltdPties>
            <RltdAgts>
              <DbtrAgt>
                <FinInstnId>
                  <BIC>PBSLSI22</BIC>
                </FinInstnId>
              </DbtrAgt>
              <CdtrAgt>
                <FinInstnId>
                  <BIC>BACXSI22</BIC>
                </FinInstnId>
              </CdtrAgt>
            </RltdAgts>
            <Purp>
              <Cd>OTHR</Cd>
            </Purp>
            <RmtInf>
              <Strd>
                <CdtrRefInf>
                  <Ref>SI0003-1889-0</Ref>
                </CdtrRefInf>
                <AddtlRmtInf>DRUGO</AddtlRmtInf>
              </Strd>
            </RmtInf>
            <RltdDts>
              <IntrBkSttlmDt>2016-12-05</IntrBkSttlmDt>
            </RltdDts>
          </TxDtls>
        </NtryDtls>
      </Ntry>
      <Ntry>
        <Amt Ccy="EUR">17.67</Amt>
        <CdtDbtInd>CRDT</CdtDbtInd>
        <Sts>BOOK</Sts>
        <BookgDt>
          <Dt>2016-12-05</Dt>
        </BookgDt>
        <ValDt>
          <Dt>2016-12-05</Dt>
        </ValDt>
        <AcctSvcrRef>10001QC2Q8LSH2MJ</AcctSvcrRef>
        <BkTxCd>
          <Prtry>
            <Cd>NOTPROVIDED</Cd>
          </Prtry>
        </BkTxCd>
        <NtryDtls>
          <TxDtls>
            <Refs>
              <EndToEndId>SI0003-1890-0</EndToEndId>
              <TxId>SI0003-1890-0</TxId>
            </Refs>
            <RltdPties>
              <Dbtr>
                <Nm>Ivan Ipša</Nm>
                <PstlAdr>
                  <Ctry>SI</Ctry>
                  <AdrLine>SLOMSKOV TRG 010 2000 MARIBOR</AdrLine>
                  <AdrLine>-</AdrLine>
                </PstlAdr>
              </Dbtr>
              <DbtrAcct>
                <Id>
                  <IBAN>SI56906720000040025</IBAN>
                </Id>
              </DbtrAcct>
              <Cdtr>
                <Nm>FREJA, D.O.O.</Nm>
                <PstlAdr>
                  <Ctry>SI</Ctry>
                  <AdrLine>GOLOUHOVA ULICA 28</AdrLine>
                  <AdrLine>1000 LJUBLJANA</AdrLine>
                </PstlAdr>
              </Cdtr>
              <CdtrAcct>
                <Id>
                  <IBAN>SI56290000050690990</IBAN>
                </Id>
              </CdtrAcct>
            </RltdPties>
            <RltdAgts>
              <DbtrAgt>
                <FinInstnId>
                  <BIC>PBSLSI22</BIC>
                </FinInstnId>
              </DbtrAgt>
              <CdtrAgt>
                <FinInstnId>
                  <BIC>BACXSI22</BIC>
                </FinInstnId>
              </CdtrAgt>
            </RltdAgts>
            <Purp>
              <Cd>OTHR</Cd>
            </Purp>
            <RmtInf>
              <Strd>
                <CdtrRefInf>
                  <Ref>SI0003-1890-0</Ref>
                </CdtrRefInf>
                <AddtlRmtInf>DRUGO</AddtlRmtInf>
              </Strd>
            </RmtInf>
            <RltdDts>
              <IntrBkSttlmDt>2016-12-05</IntrBkSttlmDt>
            </RltdDts>
          </TxDtls>
        </NtryDtls>
      </Ntry>
      <Ntry>
        <Amt Ccy="EUR">24.42</Amt>
        <CdtDbtInd>CRDT</CdtDbtInd>
        <Sts>BOOK</Sts>
        <BookgDt>
          <Dt>2016-12-05</Dt>
        </BookgDt>
        <ValDt>
          <Dt>2016-12-05</Dt>
        </ValDt>
        <AcctSvcrRef>10001QC2Q8LSH2MJ</AcctSvcrRef>
        <BkTxCd>
          <Prtry>
            <Cd>NOTPROVIDED</Cd>
          </Prtry>
        </BkTxCd>
        <NtryDtls>
          <TxDtls>
            <Refs>
              <EndToEndId>SI0003-1926-0</EndToEndId>
              <TxId>SI0003-1926-0</TxId>
            </Refs>
            <RltdPties>
              <Dbtr>
                <Nm>Tjaša Štefančič</Nm>
                <PstlAdr>
                  <Ctry>SI</Ctry>
                  <AdrLine>SLOMSKOV TRG 010 2000 MARIBOR</AdrLine>
                  <AdrLine>-</AdrLine>
                </PstlAdr>
              </Dbtr>
              <DbtrAcct>
                <Id>
                  <IBAN>SI56906720000040025</IBAN>
                </Id>
              </DbtrAcct>
              <Cdtr>
                <Nm>FREJA, D.O.O.</Nm>
                <PstlAdr>
                  <Ctry>SI</Ctry>
                  <AdrLine>GOLOUHOVA ULICA 28</AdrLine>
                  <AdrLine>1000 LJUBLJANA</AdrLine>
                </PstlAdr>
              </Cdtr>
              <CdtrAcct>
                <Id>
                  <IBAN>SI56290000050690990</IBAN>
                </Id>
              </CdtrAcct>
            </RltdPties>
            <RltdAgts>
              <DbtrAgt>
                <FinInstnId>
                  <BIC>PBSLSI22</BIC>
                </FinInstnId>
              </DbtrAgt>
              <CdtrAgt>
                <FinInstnId>
                  <BIC>BACXSI22</BIC>
                </FinInstnId>
              </CdtrAgt>
            </RltdAgts>
            <Purp>
              <Cd>OTHR</Cd>
            </Purp>
            <RmtInf>
              <Strd>
                <CdtrRefInf>
                  <Ref>SI0003-1926-0</Ref>
                </CdtrRefInf>
                <AddtlRmtInf>DRUGO</AddtlRmtInf>
              </Strd>
            </RmtInf>
            <RltdDts>
              <IntrBkSttlmDt>2016-12-05</IntrBkSttlmDt>
            </RltdDts>
          </TxDtls>
        </NtryDtls>
      </Ntry>
      <Ntry>
        <Amt Ccy="EUR">25.82</Amt>
        <CdtDbtInd>CRDT</CdtDbtInd>
        <Sts>BOOK</Sts>
        <BookgDt>
          <Dt>2016-12-05</Dt>
        </BookgDt>
        <ValDt>
          <Dt>2016-12-05</Dt>
        </ValDt>
        <AcctSvcrRef>10001QC2Q8LSH2MJ</AcctSvcrRef>
        <BkTxCd>
          <Prtry>
            <Cd>NOTPROVIDED</Cd>
          </Prtry>
        </BkTxCd>
        <NtryDtls>
          <TxDtls>
            <Refs>
              <EndToEndId>SI0003-1924-0</EndToEndId>
              <TxId>SI0003-1924-0</TxId>
            </Refs>
            <RltdPties>
              <Dbtr>
                <Nm>Natalija Stres</Nm>
                <PstlAdr>
                  <Ctry>SI</Ctry>
                  <AdrLine>SLOMSKOV TRG 010 2000 MARIBOR</AdrLine>
                  <AdrLine>-</AdrLine>
                </PstlAdr>
              </Dbtr>
              <DbtrAcct>
                <Id>
                  <IBAN>SI56906720000040025</IBAN>
                </Id>
              </DbtrAcct>
              <Cdtr>
                <Nm>FREJA, D.O.O.</Nm>
                <PstlAdr>
                  <Ctry>SI</Ctry>
                  <AdrLine>GOLOUHOVA ULICA 28</AdrLine>
                  <AdrLine>1000 LJUBLJANA</AdrLine>
                </PstlAdr>
              </Cdtr>
              <CdtrAcct>
                <Id>
                  <IBAN>SI56290000050690990</IBAN>
                </Id>
              </CdtrAcct>
            </RltdPties>
            <RltdAgts>
              <DbtrAgt>
                <FinInstnId>
                  <BIC>PBSLSI22</BIC>
                </FinInstnId>
              </DbtrAgt>
              <CdtrAgt>
                <FinInstnId>
                  <BIC>BACXSI22</BIC>
                </FinInstnId>
              </CdtrAgt>
            </RltdAgts>
            <Purp>
              <Cd>OTHR</Cd>
            </Purp>
            <RmtInf>
              <Strd>
                <CdtrRefInf>
                  <Ref>SI0003-1924-0</Ref>
                </CdtrRefInf>
                <AddtlRmtInf>DRUGO</AddtlRmtInf>
              </Strd>
            </RmtInf>
            <RltdDts>
              <IntrBkSttlmDt>2016-12-05</IntrBkSttlmDt>
            </RltdDts>
          </TxDtls>
        </NtryDtls>
      </Ntry>
      <Ntry>
        <Amt Ccy="EUR">20.72</Amt>
        <CdtDbtInd>CRDT</CdtDbtInd>
        <Sts>BOOK</Sts>
        <BookgDt>
          <Dt>2016-12-05</Dt>
        </BookgDt>
        <ValDt>
          <Dt>2016-12-05</Dt>
        </ValDt>
        <AcctSvcrRef>10001QC2Q8LSH2MJ</AcctSvcrRef>
        <BkTxCd>
          <Prtry>
            <Cd>NOTPROVIDED</Cd>
          </Prtry>
        </BkTxCd>
        <NtryDtls>
          <TxDtls>
            <Refs>
              <EndToEndId>SI0003-1916-0</EndToEndId>
              <TxId>SI0003-1916-0</TxId>
            </Refs>
            <RltdPties>
              <Dbtr>
                <Nm>Kozmetični salon Jana</Nm>
                <PstlAdr>
                  <Ctry>SI</Ctry>
                  <AdrLine>SLOMSKOV TRG 010 2000 MARIBOR</AdrLine>
                  <AdrLine>-</AdrLine>
                </PstlAdr>
              </Dbtr>
              <DbtrAcct>
                <Id>
                  <IBAN>SI56906720000040025</IBAN>
                </Id>
              </DbtrAcct>
              <Cdtr>
                <Nm>FREJA, D.O.O.</Nm>
                <PstlAdr>
                  <Ctry>SI</Ctry>
                  <AdrLine>GOLOUHOVA ULICA 28</AdrLine>
                  <AdrLine>1000 LJUBLJANA</AdrLine>
                </PstlAdr>
              </Cdtr>
              <CdtrAcct>
                <Id>
                  <IBAN>SI56290000050690990</IBAN>
                </Id>
              </CdtrAcct>
            </RltdPties>
            <RltdAgts>
              <DbtrAgt>
                <FinInstnId>
                  <BIC>PBSLSI22</BIC>
                </FinInstnId>
              </DbtrAgt>
              <CdtrAgt>
                <FinInstnId>
                  <BIC>BACXSI22</BIC>
                </FinInstnId>
              </CdtrAgt>
            </RltdAgts>
            <Purp>
              <Cd>OTHR</Cd>
            </Purp>
            <RmtInf>
              <Strd>
                <CdtrRefInf>
                  <Ref>SI0003-1916-0</Ref>
                </CdtrRefInf>
                <AddtlRmtInf>DRUGO</AddtlRmtInf>
              </Strd>
            </RmtInf>
            <RltdDts>
              <IntrBkSttlmDt>2016-12-05</IntrBkSttlmDt>
            </RltdDts>
          </TxDtls>
        </NtryDtls>
      </Ntry>
      <Ntry>
        <Amt Ccy="EUR">10.9</Amt>
        <CdtDbtInd>CRDT</CdtDbtInd>
        <Sts>BOOK</Sts>
        <BookgDt>
          <Dt>2016-12-05</Dt>
        </BookgDt>
        <ValDt>
          <Dt>2016-12-05</Dt>
        </ValDt>
        <AcctSvcrRef>10001QC2Q8LSH2MJ</AcctSvcrRef>
        <BkTxCd>
          <Prtry>
            <Cd>NOTPROVIDED</Cd>
          </Prtry>
        </BkTxCd>
        <NtryDtls>
          <TxDtls>
            <Refs>
              <EndToEndId>SI0003-1927-0</EndToEndId>
              <TxId>SI0003-1927-0</TxId>
            </Refs>
            <RltdPties>
              <Dbtr>
                <Nm>Anja Vodopivec</Nm>
                <PstlAdr>
                  <Ctry>SI</Ctry>
                  <AdrLine>SLOMSKOV TRG 010 2000 MARIBOR</AdrLine>
                  <AdrLine>-</AdrLine>
                </PstlAdr>
              </Dbtr>
              <DbtrAcct>
                <Id>
                  <IBAN>SI56906720000040025</IBAN>
                </Id>
              </DbtrAcct>
              <Cdtr>
                <Nm>FREJA, D.O.O.</Nm>
                <PstlAdr>
                  <Ctry>SI</Ctry>
                  <AdrLine>GOLOUHOVA ULICA 28</AdrLine>
                  <AdrLine>1000 LJUBLJANA</AdrLine>
                </PstlAdr>
              </Cdtr>
              <CdtrAcct>
                <Id>
                  <IBAN>SI56290000050690990</IBAN>
                </Id>
              </CdtrAcct>
            </RltdPties>
            <RltdAgts>
              <DbtrAgt>
                <FinInstnId>
                  <BIC>PBSLSI22</BIC>
                </FinInstnId>
              </DbtrAgt>
              <CdtrAgt>
                <FinInstnId>
                  <BIC>BACXSI22</BIC>
                </FinInstnId>
              </CdtrAgt>
            </RltdAgts>
            <Purp>
              <Cd>OTHR</Cd>
            </Purp>
            <RmtInf>
              <Strd>
                <CdtrRefInf>
                  <Ref>SI0003-1927-0</Ref>
                </CdtrRefInf>
                <AddtlRmtInf>DRUGO</AddtlRmtInf>
              </Strd>
            </RmtInf>
            <RltdDts>
              <IntrBkSttlmDt>2016-12-05</IntrBkSttlmDt>
            </RltdDts>
          </TxDtls>
        </NtryDtls>
      </Ntry>
      <Ntry>
        <Amt Ccy="EUR">58.1</Amt>
        <CdtDbtInd>CRDT</CdtDbtInd>
        <Sts>BOOK</Sts>
        <BookgDt>
          <Dt>2016-12-05</Dt>
        </BookgDt>
        <ValDt>
          <Dt>2016-12-05</Dt>
        </ValDt>
        <AcctSvcrRef>10001QC2Q8LSH2MJ</AcctSvcrRef>
        <BkTxCd>
          <Prtry>
            <Cd>NOTPROVIDED</Cd>
          </Prtry>
        </BkTxCd>
        <NtryDtls>
          <TxDtls>
            <Refs>
              <EndToEndId>SI0003-1922-0</EndToEndId>
              <TxId>SI0003-1922-0</TxId>
            </Refs>
            <RltdPties>
              <Dbtr>
                <Nm>Bojana Dugar</Nm>
                <PstlAdr>
                  <Ctry>SI</Ctry>
                  <AdrLine>SLOMSKOV TRG 010 2000 MARIBOR</AdrLine>
                  <AdrLine>-</AdrLine>
                </PstlAdr>
              </Dbtr>
              <DbtrAcct>
                <Id>
                  <IBAN>SI56906720000040025</IBAN>
                </Id>
              </DbtrAcct>
              <Cdtr>
                <Nm>FREJA, D.O.O.</Nm>
                <PstlAdr>
                  <Ctry>SI</Ctry>
                  <AdrLine>GOLOUHOVA ULICA 28</AdrLine>
                  <AdrLine>1000 LJUBLJANA</AdrLine>
                </PstlAdr>
              </Cdtr>
              <CdtrAcct>
                <Id>
                  <IBAN>SI56290000050690990</IBAN>
                </Id>
              </CdtrAcct>
            </RltdPties>
            <RltdAgts>
              <DbtrAgt>
                <FinInstnId>
                  <BIC>PBSLSI22</BIC>
                </FinInstnId>
              </DbtrAgt>
              <CdtrAgt>
                <FinInstnId>
                  <BIC>BACXSI22</BIC>
                </FinInstnId>
              </CdtrAgt>
            </RltdAgts>
            <Purp>
              <Cd>OTHR</Cd>
            </Purp>
            <RmtInf>
              <Strd>
                <CdtrRefInf>
                  <Ref>SI0003-1922-0</Ref>
                </CdtrRefInf>
                <AddtlRmtInf>DRUGO</AddtlRmtInf>
              </Strd>
            </RmtInf>
            <RltdDts>
              <IntrBkSttlmDt>2016-12-05</IntrBkSttlmDt>
            </RltdDts>
          </TxDtls>
        </NtryDtls>
      </Ntry>
      <Ntry>
        <Amt Ccy="EUR">29.61</Amt>
        <CdtDbtInd>CRDT</CdtDbtInd>
        <Sts>BOOK</Sts>
        <BookgDt>
          <Dt>2016-12-05</Dt>
        </BookgDt>
        <ValDt>
          <Dt>2016-12-05</Dt>
        </ValDt>
        <AcctSvcrRef>10001QC2Q8LSH2MJ</AcctSvcrRef>
        <BkTxCd>
          <Prtry>
            <Cd>NOTPROVIDED</Cd>
          </Prtry>
        </BkTxCd>
        <NtryDtls>
          <TxDtls>
            <Refs>
              <EndToEndId>SI0003-1923-0</EndToEndId>
              <TxId>SI0003-1923-0</TxId>
            </Refs>
            <RltdPties>
              <Dbtr>
                <Nm>Jernej Legan</Nm>
                <PstlAdr>
                  <Ctry>SI</Ctry>
                  <AdrLine>SLOMSKOV TRG 010 2000 MARIBOR</AdrLine>
                  <AdrLine>-</AdrLine>
                </PstlAdr>
              </Dbtr>
              <DbtrAcct>
                <Id>
                  <IBAN>SI56906720000040025</IBAN>
                </Id>
              </DbtrAcct>
              <Cdtr>
                <Nm>FREJA, D.O.O.</Nm>
                <PstlAdr>
                  <Ctry>SI</Ctry>
                  <AdrLine>GOLOUHOVA ULICA 28</AdrLine>
                  <AdrLine>1000 LJUBLJANA</AdrLine>
                </PstlAdr>
              </Cdtr>
              <CdtrAcct>
                <Id>
                  <IBAN>SI56290000050690990</IBAN>
                </Id>
              </CdtrAcct>
            </RltdPties>
            <RltdAgts>
              <DbtrAgt>
                <FinInstnId>
                  <BIC>PBSLSI22</BIC>
                </FinInstnId>
              </DbtrAgt>
              <CdtrAgt>
                <FinInstnId>
                  <BIC>BACXSI22</BIC>
                </FinInstnId>
              </CdtrAgt>
            </RltdAgts>
            <Purp>
              <Cd>OTHR</Cd>
            </Purp>
            <RmtInf>
              <Strd>
                <CdtrRefInf>
                  <Ref>SI0003-1923-0</Ref>
                </CdtrRefInf>
                <AddtlRmtInf>DRUGO</AddtlRmtInf>
              </Strd>
            </RmtInf>
            <RltdDts>
              <IntrBkSttlmDt>2016-12-05</IntrBkSttlmDt>
            </RltdDts>
          </TxDtls>
        </NtryDtls>
      </Ntry>
      <Ntry>
        <Amt Ccy="EUR">24.74</Amt>
        <CdtDbtInd>CRDT</CdtDbtInd>
        <Sts>BOOK</Sts>
        <BookgDt>
          <Dt>2016-12-05</Dt>
        </BookgDt>
        <ValDt>
          <Dt>2016-12-05</Dt>
        </ValDt>
        <AcctSvcrRef>10001QC2Q8LSH2MJ</AcctSvcrRef>
        <BkTxCd>
          <Prtry>
            <Cd>NOTPROVIDED</Cd>
          </Prtry>
        </BkTxCd>
        <NtryDtls>
          <TxDtls>
            <Refs>
              <EndToEndId>SI0003-1933-0</EndToEndId>
              <TxId>SI0003-1933-0</TxId>
            </Refs>
            <RltdPties>
              <Dbtr>
                <Nm>Petra Zorko</Nm>
                <PstlAdr>
                  <Ctry>SI</Ctry>
                  <AdrLine>SLOMSKOV TRG 010 2000 MARIBOR</AdrLine>
                  <AdrLine>-</AdrLine>
                </PstlAdr>
              </Dbtr>
              <DbtrAcct>
                <Id>
                  <IBAN>SI56906720000040025</IBAN>
                </Id>
              </DbtrAcct>
              <Cdtr>
                <Nm>FREJA, D.O.O.</Nm>
                <PstlAdr>
                  <Ctry>SI</Ctry>
                  <AdrLine>GOLOUHOVA ULICA 28</AdrLine>
                  <AdrLine>1000 LJUBLJANA</AdrLine>
                </PstlAdr>
              </Cdtr>
              <CdtrAcct>
                <Id>
                  <IBAN>SI56290000050690990</IBAN>
                </Id>
              </CdtrAcct>
            </RltdPties>
            <RltdAgts>
              <DbtrAgt>
                <FinInstnId>
                  <BIC>PBSLSI22</BIC>
                </FinInstnId>
              </DbtrAgt>
              <CdtrAgt>
                <FinInstnId>
                  <BIC>BACXSI22</BIC>
                </FinInstnId>
              </CdtrAgt>
            </RltdAgts>
            <Purp>
              <Cd>OTHR</Cd>
            </Purp>
            <RmtInf>
              <Strd>
                <CdtrRefInf>
                  <Ref>SI0003-1933-0</Ref>
                </CdtrRefInf>
                <AddtlRmtInf>DRUGO</AddtlRmtInf>
              </Strd>
            </RmtInf>
            <RltdDts>
              <IntrBkSttlmDt>2016-12-05</IntrBkSttlmDt>
            </RltdDts>
          </TxDtls>
        </NtryDtls>
      </Ntry>
      <Ntry>
        <Amt Ccy="EUR">44.18</Amt>
        <CdtDbtInd>CRDT</CdtDbtInd>
        <Sts>BOOK</Sts>
        <BookgDt>
          <Dt>2016-12-05</Dt>
        </BookgDt>
        <ValDt>
          <Dt>2016-12-05</Dt>
        </ValDt>
        <AcctSvcrRef>10001QC2Q8LSH2MJ</AcctSvcrRef>
        <BkTxCd>
          <Prtry>
            <Cd>NOTPROVIDED</Cd>
          </Prtry>
        </BkTxCd>
        <NtryDtls>
          <TxDtls>
            <Refs>
              <EndToEndId>SI0003-1934-0</EndToEndId>
              <TxId>SI0003-1934-0</TxId>
            </Refs>
            <RltdPties>
              <Dbtr>
                <Nm>Ana Medoš</Nm>
                <PstlAdr>
                  <Ctry>SI</Ctry>
                  <AdrLine>SLOMSKOV TRG 010 2000 MARIBOR</AdrLine>
                  <AdrLine>-</AdrLine>
                </PstlAdr>
              </Dbtr>
              <DbtrAcct>
                <Id>
                  <IBAN>SI56906720000040025</IBAN>
                </Id>
              </DbtrAcct>
              <Cdtr>
                <Nm>FREJA, D.O.O.</Nm>
                <PstlAdr>
                  <Ctry>SI</Ctry>
                  <AdrLine>GOLOUHOVA ULICA 28</AdrLine>
                  <AdrLine>1000 LJUBLJANA</AdrLine>
                </PstlAdr>
              </Cdtr>
              <CdtrAcct>
                <Id>
                  <IBAN>SI56290000050690990</IBAN>
                </Id>
              </CdtrAcct>
            </RltdPties>
            <RltdAgts>
              <DbtrAgt>
                <FinInstnId>
                  <BIC>PBSLSI22</BIC>
                </FinInstnId>
              </DbtrAgt>
              <CdtrAgt>
                <FinInstnId>
                  <BIC>BACXSI22</BIC>
                </FinInstnId>
              </CdtrAgt>
            </RltdAgts>
            <Purp>
              <Cd>OTHR</Cd>
            </Purp>
            <RmtInf>
              <Strd>
                <CdtrRefInf>
                  <Ref>SI0003-1934-0</Ref>
                </CdtrRefInf>
                <AddtlRmtInf>DRUGO</AddtlRmtInf>
              </Strd>
            </RmtInf>
            <RltdDts>
              <IntrBkSttlmDt>2016-12-05</IntrBkSttlmDt>
            </RltdDts>
          </TxDtls>
        </NtryDtls>
      </Ntry>
      <Ntry>
        <Amt Ccy="EUR">26.21</Amt>
        <CdtDbtInd>CRDT</CdtDbtInd>
        <Sts>BOOK</Sts>
        <BookgDt>
          <Dt>2016-12-05</Dt>
        </BookgDt>
        <ValDt>
          <Dt>2016-12-05</Dt>
        </ValDt>
        <AcctSvcrRef>10001QC2Q8LSH2MJ</AcctSvcrRef>
        <BkTxCd>
          <Prtry>
            <Cd>NOTPROVIDED</Cd>
          </Prtry>
        </BkTxCd>
        <NtryDtls>
          <TxDtls>
            <Refs>
              <EndToEndId>SI0003-1932-0</EndToEndId>
              <TxId>SI0003-1932-0</TxId>
            </Refs>
            <RltdPties>
              <Dbtr>
                <Nm>Maja Praznik</Nm>
                <PstlAdr>
                  <Ctry>SI</Ctry>
                  <AdrLine>SLOMSKOV TRG 010 2000 MARIBOR</AdrLine>
                  <AdrLine>-</AdrLine>
                </PstlAdr>
              </Dbtr>
              <DbtrAcct>
                <Id>
                  <IBAN>SI56906720000040025</IBAN>
                </Id>
              </DbtrAcct>
              <Cdtr>
                <Nm>FREJA, D.O.O.</Nm>
                <PstlAdr>
                  <Ctry>SI</Ctry>
                  <AdrLine>GOLOUHOVA ULICA 28</AdrLine>
                  <AdrLine>1000 LJUBLJANA</AdrLine>
                </PstlAdr>
              </Cdtr>
              <CdtrAcct>
                <Id>
                  <IBAN>SI56290000050690990</IBAN>
                </Id>
              </CdtrAcct>
            </RltdPties>
            <RltdAgts>
              <DbtrAgt>
                <FinInstnId>
                  <BIC>PBSLSI22</BIC>
                </FinInstnId>
              </DbtrAgt>
              <CdtrAgt>
                <FinInstnId>
                  <BIC>BACXSI22</BIC>
                </FinInstnId>
              </CdtrAgt>
            </RltdAgts>
            <Purp>
              <Cd>OTHR</Cd>
            </Purp>
            <RmtInf>
              <Strd>
                <CdtrRefInf>
                  <Ref>SI0003-1932-0</Ref>
                </CdtrRefInf>
                <AddtlRmtInf>DRUGO</AddtlRmtInf>
              </Strd>
            </RmtInf>
            <RltdDts>
              <IntrBkSttlmDt>2016-12-05</IntrBkSttlmDt>
            </RltdDts>
          </TxDtls>
        </NtryDtls>
      </Ntry>
      <Ntry>
        <Amt Ccy="EUR">48.19</Amt>
        <CdtDbtInd>CRDT</CdtDbtInd>
        <Sts>BOOK</Sts>
        <BookgDt>
          <Dt>2016-12-05</Dt>
        </BookgDt>
        <ValDt>
          <Dt>2016-12-05</Dt>
        </ValDt>
        <AcctSvcrRef>10001QC2Q8LSH2MJ</AcctSvcrRef>
        <BkTxCd>
          <Prtry>
            <Cd>NOTPROVIDED</Cd>
          </Prtry>
        </BkTxCd>
        <NtryDtls>
          <TxDtls>
            <Refs>
              <EndToEndId>SI0003-1935-0</EndToEndId>
              <TxId>SI0003-1935-0</TxId>
            </Refs>
            <RltdPties>
              <Dbtr>
                <Nm>Katarina Grilj</Nm>
                <PstlAdr>
                  <Ctry>SI</Ctry>
                  <AdrLine>SLOMSKOV TRG 010 2000 MARIBOR</AdrLine>
                  <AdrLine>-</AdrLine>
                </PstlAdr>
              </Dbtr>
              <DbtrAcct>
                <Id>
                  <IBAN>SI56906720000040025</IBAN>
                </Id>
              </DbtrAcct>
              <Cdtr>
                <Nm>FREJA, D.O.O.</Nm>
                <PstlAdr>
                  <Ctry>SI</Ctry>
                  <AdrLine>GOLOUHOVA ULICA 28</AdrLine>
                  <AdrLine>1000 LJUBLJANA</AdrLine>
                </PstlAdr>
              </Cdtr>
              <CdtrAcct>
                <Id>
                  <IBAN>SI56290000050690990</IBAN>
                </Id>
              </CdtrAcct>
            </RltdPties>
            <RltdAgts>
              <DbtrAgt>
                <FinInstnId>
                  <BIC>PBSLSI22</BIC>
                </FinInstnId>
              </DbtrAgt>
              <CdtrAgt>
                <FinInstnId>
                  <BIC>BACXSI22</BIC>
                </FinInstnId>
              </CdtrAgt>
            </RltdAgts>
            <Purp>
              <Cd>OTHR</Cd>
            </Purp>
            <RmtInf>
              <Strd>
                <CdtrRefInf>
                  <Ref>SI0003-1935-0</Ref>
                </CdtrRefInf>
                <AddtlRmtInf>DRUGO</AddtlRmtInf>
              </Strd>
            </RmtInf>
            <RltdDts>
              <IntrBkSttlmDt>2016-12-05</IntrBkSttlmDt>
            </RltdDts>
          </TxDtls>
        </NtryDtls>
      </Ntry>
      <Ntry>
        <Amt Ccy="EUR">14.13</Amt>
        <CdtDbtInd>CRDT</CdtDbtInd>
        <Sts>BOOK</Sts>
        <BookgDt>
          <Dt>2016-12-05</Dt>
        </BookgDt>
        <ValDt>
          <Dt>2016-12-05</Dt>
        </ValDt>
        <AcctSvcrRef>10001QC2Q8LSH2MJ</AcctSvcrRef>
        <BkTxCd>
          <Prtry>
            <Cd>NOTPROVIDED</Cd>
          </Prtry>
        </BkTxCd>
        <NtryDtls>
          <TxDtls>
            <Refs>
              <EndToEndId>SI0003-1917-0</EndToEndId>
              <TxId>SI0003-1917-0</TxId>
            </Refs>
            <RltdPties>
              <Dbtr>
                <Nm>Marjetka Matijević</Nm>
                <PstlAdr>
                  <Ctry>SI</Ctry>
                  <AdrLine>SLOMSKOV TRG 010 2000 MARIBOR</AdrLine>
                  <AdrLine>-</AdrLine>
                </PstlAdr>
              </Dbtr>
              <DbtrAcct>
                <Id>
                  <IBAN>SI56906720000040025</IBAN>
                </Id>
              </DbtrAcct>
              <Cdtr>
                <Nm>FREJA, D.O.O.</Nm>
                <PstlAdr>
                  <Ctry>SI</Ctry>
                  <AdrLine>GOLOUHOVA ULICA 28</AdrLine>
                  <AdrLine>1000 LJUBLJANA</AdrLine>
                </PstlAdr>
              </Cdtr>
              <CdtrAcct>
                <Id>
                  <IBAN>SI56290000050690990</IBAN>
                </Id>
              </CdtrAcct>
            </RltdPties>
            <RltdAgts>
              <DbtrAgt>
                <FinInstnId>
                  <BIC>PBSLSI22</BIC>
                </FinInstnId>
              </DbtrAgt>
              <CdtrAgt>
                <FinInstnId>
                  <BIC>BACXSI22</BIC>
                </FinInstnId>
              </CdtrAgt>
            </RltdAgts>
            <Purp>
              <Cd>OTHR</Cd>
            </Purp>
            <RmtInf>
              <Strd>
                <CdtrRefInf>
                  <Ref>SI0003-1917-0</Ref>
                </CdtrRefInf>
                <AddtlRmtInf>DRUGO</AddtlRmtInf>
              </Strd>
            </RmtInf>
            <RltdDts>
              <IntrBkSttlmDt>2016-12-05</IntrBkSttlmDt>
            </RltdDts>
          </TxDtls>
        </NtryDtls>
      </Ntry>
      <Ntry>
        <Amt Ccy="EUR">17.67</Amt>
        <CdtDbtInd>CRDT</CdtDbtInd>
        <Sts>BOOK</Sts>
        <BookgDt>
          <Dt>2016-12-05</Dt>
        </BookgDt>
        <ValDt>
          <Dt>2016-12-05</Dt>
        </ValDt>
        <AcctSvcrRef>10001QC2Q8LSH2MJ</AcctSvcrRef>
        <BkTxCd>
          <Prtry>
            <Cd>NOTPROVIDED</Cd>
          </Prtry>
        </BkTxCd>
        <NtryDtls>
          <TxDtls>
            <Refs>
              <EndToEndId>SI0003-1937-0</EndToEndId>
              <TxId>SI0003-1937-0</TxId>
            </Refs>
            <RltdPties>
              <Dbtr>
                <Nm>Jože Jančič</Nm>
                <PstlAdr>
                  <Ctry>SI</Ctry>
                  <AdrLine>SLOMSKOV TRG 010 2000 MARIBOR</AdrLine>
                  <AdrLine>-</AdrLine>
                </PstlAdr>
              </Dbtr>
              <DbtrAcct>
                <Id>
                  <IBAN>SI56906720000040025</IBAN>
                </Id>
              </DbtrAcct>
              <Cdtr>
                <Nm>FREJA, D.O.O.</Nm>
                <PstlAdr>
                  <Ctry>SI</Ctry>
                  <AdrLine>GOLOUHOVA ULICA 28</AdrLine>
                  <AdrLine>1000 LJUBLJANA</AdrLine>
                </PstlAdr>
              </Cdtr>
              <CdtrAcct>
                <Id>
                  <IBAN>SI56290000050690990</IBAN>
                </Id>
              </CdtrAcct>
            </RltdPties>
            <RltdAgts>
              <DbtrAgt>
                <FinInstnId>
                  <BIC>PBSLSI22</BIC>
                </FinInstnId>
              </DbtrAgt>
              <CdtrAgt>
                <FinInstnId>
                  <BIC>BACXSI22</BIC>
                </FinInstnId>
              </CdtrAgt>
            </RltdAgts>
            <Purp>
              <Cd>OTHR</Cd>
            </Purp>
            <RmtInf>
              <Strd>
                <CdtrRefInf>
                  <Ref>SI0003-1937-0</Ref>
                </CdtrRefInf>
                <AddtlRmtInf>DRUGO</AddtlRmtInf>
              </Strd>
            </RmtInf>
            <RltdDts>
              <IntrBkSttlmDt>2016-12-05</IntrBkSttlmDt>
            </RltdDts>
          </TxDtls>
        </NtryDtls>
      </Ntry>
      <Ntry>
        <Amt Ccy="EUR">25.8</Amt>
        <CdtDbtInd>CRDT</CdtDbtInd>
        <Sts>BOOK</Sts>
        <BookgDt>
          <Dt>2016-12-05</Dt>
        </BookgDt>
        <ValDt>
          <Dt>2016-12-05</Dt>
        </ValDt>
        <AcctSvcrRef>10001QC2Q8LSH2MJ</AcctSvcrRef>
        <BkTxCd>
          <Prtry>
            <Cd>NOTPROVIDED</Cd>
          </Prtry>
        </BkTxCd>
        <NtryDtls>
          <TxDtls>
            <Refs>
              <EndToEndId>SI0003-1925-0</EndToEndId>
              <TxId>SI0003-1925-0</TxId>
            </Refs>
            <RltdPties>
              <Dbtr>
                <Nm>Aleša Hladin Lukaček</Nm>
                <PstlAdr>
                  <Ctry>SI</Ctry>
                  <AdrLine>SLOMSKOV TRG 010 2000 MARIBOR</AdrLine>
                  <AdrLine>-</AdrLine>
                </PstlAdr>
              </Dbtr>
              <DbtrAcct>
                <Id>
                  <IBAN>SI56906720000040025</IBAN>
                </Id>
              </DbtrAcct>
              <Cdtr>
                <Nm>FREJA, D.O.O.</Nm>
                <PstlAdr>
                  <Ctry>SI</Ctry>
                  <AdrLine>GOLOUHOVA ULICA 28</AdrLine>
                  <AdrLine>1000 LJUBLJANA</AdrLine>
                </PstlAdr>
              </Cdtr>
              <CdtrAcct>
                <Id>
                  <IBAN>SI56290000050690990</IBAN>
                </Id>
              </CdtrAcct>
            </RltdPties>
            <RltdAgts>
              <DbtrAgt>
                <FinInstnId>
                  <BIC>PBSLSI22</BIC>
                </FinInstnId>
              </DbtrAgt>
              <CdtrAgt>
                <FinInstnId>
                  <BIC>BACXSI22</BIC>
                </FinInstnId>
              </CdtrAgt>
            </RltdAgts>
            <Purp>
              <Cd>OTHR</Cd>
            </Purp>
            <RmtInf>
              <Strd>
                <CdtrRefInf>
                  <Ref>SI0003-1925-0</Ref>
                </CdtrRefInf>
                <AddtlRmtInf>DRUGO</AddtlRmtInf>
              </Strd>
            </RmtInf>
            <RltdDts>
              <IntrBkSttlmDt>2016-12-05</IntrBkSttlmDt>
            </RltdDts>
          </TxDtls>
        </NtryDtls>
      </Ntry>
      <Ntry>
        <Amt Ccy="EUR">51</Amt>
        <CdtDbtInd>CRDT</CdtDbtInd>
        <Sts>BOOK</Sts>
        <BookgDt>
          <Dt>2016-12-05</Dt>
        </BookgDt>
        <ValDt>
          <Dt>2016-12-05</Dt>
        </ValDt>
        <AcctSvcrRef>10001QC2Q8LSH2MJ</AcctSvcrRef>
        <BkTxCd>
          <Prtry>
            <Cd>NOTPROVIDED</Cd>
          </Prtry>
        </BkTxCd>
        <NtryDtls>
          <TxDtls>
            <Refs>
              <EndToEndId>2016-16763</EndToEndId>
              <TxId>2016-16763</TxId>
            </Refs>
            <RltdPties>
              <Dbtr>
                <Nm>Militka Carl</Nm>
                <PstlAdr>
                  <Ctry>SI</Ctry>
                  <AdrLine>SLOMSKOV TRG 010 2000 MARIBOR</AdrLine>
                  <AdrLine>-</AdrLine>
                </PstlAdr>
              </Dbtr>
              <DbtrAcct>
                <Id>
                  <IBAN>SI56906720000040025</IBAN>
                </Id>
              </DbtrAcct>
              <Cdtr>
                <Nm>FREJA, D.O.O.</Nm>
                <PstlAdr>
                  <Ctry>SI</Ctry>
                  <AdrLine>GOLOUHOVA ULICA 28</AdrLine>
                  <AdrLine>1000 LJUBLJANA</AdrLine>
                </PstlAdr>
              </Cdtr>
              <CdtrAcct>
                <Id>
                  <IBAN>SI56290000050690990</IBAN>
                </Id>
              </CdtrAcct>
            </RltdPties>
            <RltdAgts>
              <DbtrAgt>
                <FinInstnId>
                  <BIC>PBSLSI22</BIC>
                </FinInstnId>
              </DbtrAgt>
              <CdtrAgt>
                <FinInstnId>
                  <BIC>BACXSI22</BIC>
                </FinInstnId>
              </CdtrAgt>
            </RltdAgts>
            <Purp>
              <Cd>OTHR</Cd>
            </Purp>
            <RmtInf>
              <Strd>
                <CdtrRefInf>
                  <Ref>2016-16763</Ref>
                </CdtrRefInf>
                <AddtlRmtInf>DRUGO</AddtlRmtInf>
              </Strd>
            </RmtInf>
            <RltdDts>
              <IntrBkSttlmDt>2016-12-05</IntrBkSttlmDt>
            </RltdDts>
          </TxDtls>
        </NtryDtls>
      </Ntry>
      <Ntry>
        <Amt Ccy="EUR">11.44</Amt>
        <CdtDbtInd>CRDT</CdtDbtInd>
        <Sts>BOOK</Sts>
        <BookgDt>
          <Dt>2016-12-05</Dt>
        </BookgDt>
        <ValDt>
          <Dt>2016-12-05</Dt>
        </ValDt>
        <AcctSvcrRef>10001QC2Q8LSH2MJ</AcctSvcrRef>
        <BkTxCd>
          <Prtry>
            <Cd>NOTPROVIDED</Cd>
          </Prtry>
        </BkTxCd>
        <NtryDtls>
          <TxDtls>
            <Refs>
              <EndToEndId>SI0003-1952-0</EndToEndId>
              <TxId>SI0003-1952-0</TxId>
            </Refs>
            <RltdPties>
              <Dbtr>
                <Nm>Ester Volk</Nm>
                <PstlAdr>
                  <Ctry>SI</Ctry>
                  <AdrLine>SLOMSKOV TRG 010 2000 MARIBOR</AdrLine>
                  <AdrLine>-</AdrLine>
                </PstlAdr>
              </Dbtr>
              <DbtrAcct>
                <Id>
                  <IBAN>SI56906720000040025</IBAN>
                </Id>
              </DbtrAcct>
              <Cdtr>
                <Nm>FREJA, D.O.O.</Nm>
                <PstlAdr>
                  <Ctry>SI</Ctry>
                  <AdrLine>GOLOUHOVA ULICA 28</AdrLine>
                  <AdrLine>1000 LJUBLJANA</AdrLine>
                </PstlAdr>
              </Cdtr>
              <CdtrAcct>
                <Id>
                  <IBAN>SI56290000050690990</IBAN>
                </Id>
              </CdtrAcct>
            </RltdPties>
            <RltdAgts>
              <DbtrAgt>
                <FinInstnId>
                  <BIC>PBSLSI22</BIC>
                </FinInstnId>
              </DbtrAgt>
              <CdtrAgt>
                <FinInstnId>
                  <BIC>BACXSI22</BIC>
                </FinInstnId>
              </CdtrAgt>
            </RltdAgts>
            <Purp>
              <Cd>OTHR</Cd>
            </Purp>
            <RmtInf>
              <Strd>
                <CdtrRefInf>
                  <Ref>SI0003-1952-0</Ref>
                </CdtrRefInf>
                <AddtlRmtInf>DRUGO</AddtlRmtInf>
              </Strd>
            </RmtInf>
            <RltdDts>
              <IntrBkSttlmDt>2016-12-05</IntrBkSttlmDt>
            </RltdDts>
          </TxDtls>
        </NtryDtls>
      </Ntry>
      <Ntry>
        <Amt Ccy="EUR">32.49</Amt>
        <CdtDbtInd>CRDT</CdtDbtInd>
        <Sts>BOOK</Sts>
        <BookgDt>
          <Dt>2016-12-05</Dt>
        </BookgDt>
        <ValDt>
          <Dt>2016-12-05</Dt>
        </ValDt>
        <AcctSvcrRef>10001QC2Q8LSH2MJ</AcctSvcrRef>
        <BkTxCd>
          <Prtry>
            <Cd>NOTPROVIDED</Cd>
          </Prtry>
        </BkTxCd>
        <NtryDtls>
          <TxDtls>
            <Refs>
              <EndToEndId>SI0003-1951-0</EndToEndId>
              <TxId>SI0003-1951-0</TxId>
            </Refs>
            <RltdPties>
              <Dbtr>
                <Nm>Mateja Dupin</Nm>
                <PstlAdr>
                  <Ctry>SI</Ctry>
                  <AdrLine>SLOMSKOV TRG 010 2000 MARIBOR</AdrLine>
                  <AdrLine>-</AdrLine>
                </PstlAdr>
              </Dbtr>
              <DbtrAcct>
                <Id>
                  <IBAN>SI56906720000040025</IBAN>
                </Id>
              </DbtrAcct>
              <Cdtr>
                <Nm>FREJA, D.O.O.</Nm>
                <PstlAdr>
                  <Ctry>SI</Ctry>
                  <AdrLine>GOLOUHOVA ULICA 28</AdrLine>
                  <AdrLine>1000 LJUBLJANA</AdrLine>
                </PstlAdr>
              </Cdtr>
              <CdtrAcct>
                <Id>
                  <IBAN>SI56290000050690990</IBAN>
                </Id>
              </CdtrAcct>
            </RltdPties>
            <RltdAgts>
              <DbtrAgt>
                <FinInstnId>
                  <BIC>PBSLSI22</BIC>
                </FinInstnId>
              </DbtrAgt>
              <CdtrAgt>
                <FinInstnId>
                  <BIC>BACXSI22</BIC>
                </FinInstnId>
              </CdtrAgt>
            </RltdAgts>
            <Purp>
              <Cd>OTHR</Cd>
            </Purp>
            <RmtInf>
              <Strd>
                <CdtrRefInf>
                  <Ref>SI0003-1951-0</Ref>
                </CdtrRefInf>
                <AddtlRmtInf>DRUGO</AddtlRmtInf>
              </Strd>
            </RmtInf>
            <RltdDts>
              <IntrBkSttlmDt>2016-12-05</IntrBkSttlmDt>
            </RltdDts>
          </TxDtls>
        </NtryDtls>
      </Ntry>
      <Ntry>
        <Amt Ccy="EUR">51</Amt>
        <CdtDbtInd>CRDT</CdtDbtInd>
        <Sts>BOOK</Sts>
        <BookgDt>
          <Dt>2016-12-05</Dt>
        </BookgDt>
        <ValDt>
          <Dt>2016-12-05</Dt>
        </ValDt>
        <AcctSvcrRef>10001QC2Q8LSH2MJ</AcctSvcrRef>
        <BkTxCd>
          <Prtry>
            <Cd>NOTPROVIDED</Cd>
          </Prtry>
        </BkTxCd>
        <NtryDtls>
          <TxDtls>
            <Refs>
              <EndToEndId>1-S3-16016704</EndToEndId>
              <TxId>1-S3-16016704</TxId>
            </Refs>
            <RltdPties>
              <Dbtr>
                <Nm>Katja Carl</Nm>
                <PstlAdr>
                  <Ctry>SI</Ctry>
                  <AdrLine>SLOMSKOV TRG 010 2000 MARIBOR</AdrLine>
                  <AdrLine>-</AdrLine>
                </PstlAdr>
              </Dbtr>
              <DbtrAcct>
                <Id>
                  <IBAN>SI56906720000040025</IBAN>
                </Id>
              </DbtrAcct>
              <Cdtr>
                <Nm>FREJA, D.O.O.</Nm>
                <PstlAdr>
                  <Ctry>SI</Ctry>
                  <AdrLine>GOLOUHOVA ULICA 28</AdrLine>
                  <AdrLine>1000 LJUBLJANA</AdrLine>
                </PstlAdr>
              </Cdtr>
              <CdtrAcct>
                <Id>
                  <IBAN>SI56290000050690990</IBAN>
                </Id>
              </CdtrAcct>
            </RltdPties>
            <RltdAgts>
              <DbtrAgt>
                <FinInstnId>
                  <BIC>PBSLSI22</BIC>
                </FinInstnId>
              </DbtrAgt>
              <CdtrAgt>
                <FinInstnId>
                  <BIC>BACXSI22</BIC>
                </FinInstnId>
              </CdtrAgt>
            </RltdAgts>
            <Purp>
              <Cd>OTHR</Cd>
            </Purp>
            <RmtInf>
              <Strd>
                <CdtrRefInf>
                  <Ref>1-S3-16016704</Ref>
                </CdtrRefInf>
                <AddtlRmtInf>DRUGO</AddtlRmtInf>
              </Strd>
            </RmtInf>
            <RltdDts>
              <IntrBkSttlmDt>2016-12-05</IntrBkSttlmDt>
            </RltdDts>
          </TxDtls>
        </NtryDtls>
      </Ntry>
      <Ntry>
        <Amt Ccy="EUR">40.62</Amt>
        <CdtDbtInd>CRDT</CdtDbtInd>
        <Sts>BOOK</Sts>
        <BookgDt>
          <Dt>2016-12-05</Dt>
        </BookgDt>
        <ValDt>
          <Dt>2016-12-05</Dt>
        </ValDt>
        <AcctSvcrRef>10001QC2Q8LSH2MJ</AcctSvcrRef>
        <BkTxCd>
          <Prtry>
            <Cd>NOTPROVIDED</Cd>
          </Prtry>
        </BkTxCd>
        <NtryDtls>
          <TxDtls>
            <Refs>
              <EndToEndId>SI0003-1955-0</EndToEndId>
              <TxId>SI0003-1955-0</TxId>
            </Refs>
            <RltdPties>
              <Dbtr>
                <Nm>Olga Prkič</Nm>
                <PstlAdr>
                  <Ctry>SI</Ctry>
                  <AdrLine>SLOMSKOV TRG 010 2000 MARIBOR</AdrLine>
                  <AdrLine>-</AdrLine>
                </PstlAdr>
              </Dbtr>
              <DbtrAcct>
                <Id>
                  <IBAN>SI56906720000040025</IBAN>
                </Id>
              </DbtrAcct>
              <Cdtr>
                <Nm>FREJA, D.O.O.</Nm>
                <PstlAdr>
                  <Ctry>SI</Ctry>
                  <AdrLine>GOLOUHOVA ULICA 28</AdrLine>
                  <AdrLine>1000 LJUBLJANA</AdrLine>
                </PstlAdr>
              </Cdtr>
              <CdtrAcct>
                <Id>
                  <IBAN>SI56290000050690990</IBAN>
                </Id>
              </CdtrAcct>
            </RltdPties>
            <RltdAgts>
              <DbtrAgt>
                <FinInstnId>
                  <BIC>PBSLSI22</BIC>
                </FinInstnId>
              </DbtrAgt>
              <CdtrAgt>
                <FinInstnId>
                  <BIC>BACXSI22</BIC>
                </FinInstnId>
              </CdtrAgt>
            </RltdAgts>
            <Purp>
              <Cd>OTHR</Cd>
            </Purp>
            <RmtInf>
              <Strd>
                <CdtrRefInf>
                  <Ref>SI0003-1955-0</Ref>
                </CdtrRefInf>
                <AddtlRmtInf>DRUGO</AddtlRmtInf>
              </Strd>
            </RmtInf>
            <RltdDts>
              <IntrBkSttlmDt>2016-12-05</IntrBkSttlmDt>
            </RltdDts>
          </TxDtls>
        </NtryDtls>
      </Ntry>
      <Ntry>
        <Amt Ccy="EUR">100.14</Amt>
        <CdtDbtInd>CRDT</CdtDbtInd>
        <Sts>BOOK</Sts>
        <BookgDt>
          <Dt>2016-12-05</Dt>
        </BookgDt>
        <ValDt>
          <Dt>2016-12-05</Dt>
        </ValDt>
        <AcctSvcrRef>10001QC2Q8LSH2MJ</AcctSvcrRef>
        <BkTxCd>
          <Prtry>
            <Cd>NOTPROVIDED</Cd>
          </Prtry>
        </BkTxCd>
        <NtryDtls>
          <TxDtls>
            <Refs>
              <EndToEndId>SI0003-1953-0</EndToEndId>
              <TxId>SI0003-1953-0</TxId>
            </Refs>
            <RltdPties>
              <Dbtr>
                <Nm>Či Vital</Nm>
                <PstlAdr>
                  <Ctry>SI</Ctry>
                  <AdrLine>SLOMSKOV TRG 010 2000 MARIBOR</AdrLine>
                  <AdrLine>-</AdrLine>
                </PstlAdr>
              </Dbtr>
              <DbtrAcct>
                <Id>
                  <IBAN>SI56906720000040025</IBAN>
                </Id>
              </DbtrAcct>
              <Cdtr>
                <Nm>FREJA, D.O.O.</Nm>
                <PstlAdr>
                  <Ctry>SI</Ctry>
                  <AdrLine>GOLOUHOVA ULICA 28</AdrLine>
                  <AdrLine>1000 LJUBLJANA</AdrLine>
                </PstlAdr>
              </Cdtr>
              <CdtrAcct>
                <Id>
                  <IBAN>SI56290000050690990</IBAN>
                </Id>
              </CdtrAcct>
            </RltdPties>
            <RltdAgts>
              <DbtrAgt>
                <FinInstnId>
                  <BIC>PBSLSI22</BIC>
                </FinInstnId>
              </DbtrAgt>
              <CdtrAgt>
                <FinInstnId>
                  <BIC>BACXSI22</BIC>
                </FinInstnId>
              </CdtrAgt>
            </RltdAgts>
            <Purp>
              <Cd>OTHR</Cd>
            </Purp>
            <RmtInf>
              <Strd>
                <CdtrRefInf>
                  <Ref>SI0003-1953-0</Ref>
                </CdtrRefInf>
                <AddtlRmtInf>DRUGO</AddtlRmtInf>
              </Strd>
            </RmtInf>
            <RltdDts>
              <IntrBkSttlmDt>2016-12-05</IntrBkSttlmDt>
            </RltdDts>
          </TxDtls>
        </NtryDtls>
      </Ntry>
      <Ntry>
        <Amt Ccy="EUR">54.69</Amt>
        <CdtDbtInd>CRDT</CdtDbtInd>
        <Sts>BOOK</Sts>
        <BookgDt>
          <Dt>2016-12-05</Dt>
        </BookgDt>
        <ValDt>
          <Dt>2016-12-05</Dt>
        </ValDt>
        <AcctSvcrRef>10001QC2Q8LSH2MJ</AcctSvcrRef>
        <BkTxCd>
          <Prtry>
            <Cd>NOTPROVIDED</Cd>
          </Prtry>
        </BkTxCd>
        <NtryDtls>
          <TxDtls>
            <Refs>
              <EndToEndId>SI0003-1956-0</EndToEndId>
              <TxId>SI0003-1956-0</TxId>
            </Refs>
            <RltdPties>
              <Dbtr>
                <Nm>Natalija Magušar</Nm>
                <PstlAdr>
                  <Ctry>SI</Ctry>
                  <AdrLine>SLOMSKOV TRG 010 2000 MARIBOR</AdrLine>
                  <AdrLine>-</AdrLine>
                </PstlAdr>
              </Dbtr>
              <DbtrAcct>
                <Id>
                  <IBAN>SI56906720000040025</IBAN>
                </Id>
              </DbtrAcct>
              <Cdtr>
                <Nm>FREJA, D.O.O.</Nm>
                <PstlAdr>
                  <Ctry>SI</Ctry>
                  <AdrLine>GOLOUHOVA ULICA 28</AdrLine>
                  <AdrLine>1000 LJUBLJANA</AdrLine>
                </PstlAdr>
              </Cdtr>
              <CdtrAcct>
                <Id>
                  <IBAN>SI56290000050690990</IBAN>
                </Id>
              </CdtrAcct>
            </RltdPties>
            <RltdAgts>
              <DbtrAgt>
                <FinInstnId>
                  <BIC>PBSLSI22</BIC>
                </FinInstnId>
              </DbtrAgt>
              <CdtrAgt>
                <FinInstnId>
                  <BIC>BACXSI22</BIC>
                </FinInstnId>
              </CdtrAgt>
            </RltdAgts>
            <Purp>
              <Cd>OTHR</Cd>
            </Purp>
            <RmtInf>
              <Strd>
                <CdtrRefInf>
                  <Ref>SI0003-1956-0</Ref>
                </CdtrRefInf>
                <AddtlRmtInf>DRUGO</AddtlRmtInf>
              </Strd>
            </RmtInf>
            <RltdDts>
              <IntrBkSttlmDt>2016-12-05</IntrBkSttlmDt>
            </RltdDts>
          </TxDtls>
        </NtryDtls>
      </Ntry>
      <Ntry>
        <Amt Ccy="EUR">26.25</Amt>
        <CdtDbtInd>CRDT</CdtDbtInd>
        <Sts>BOOK</Sts>
        <BookgDt>
          <Dt>2016-12-05</Dt>
        </BookgDt>
        <ValDt>
          <Dt>2016-12-05</Dt>
        </ValDt>
        <AcctSvcrRef>10001QC2Q8LSH2MJ</AcctSvcrRef>
        <BkTxCd>
          <Prtry>
            <Cd>NOTPROVIDED</Cd>
          </Prtry>
        </BkTxCd>
        <NtryDtls>
          <TxDtls>
            <Refs>
              <EndToEndId>SI0003-1954-0</EndToEndId>
              <TxId>SI0003-1954-0</TxId>
            </Refs>
            <RltdPties>
              <Dbtr>
                <Nm>Alla Potočnik</Nm>
                <PstlAdr>
                  <Ctry>SI</Ctry>
                  <AdrLine>SLOMSKOV TRG 010 2000 MARIBOR</AdrLine>
                  <AdrLine>-</AdrLine>
                </PstlAdr>
              </Dbtr>
              <DbtrAcct>
                <Id>
                  <IBAN>SI56906720000040025</IBAN>
                </Id>
              </DbtrAcct>
              <Cdtr>
                <Nm>FREJA, D.O.O.</Nm>
                <PstlAdr>
                  <Ctry>SI</Ctry>
                  <AdrLine>GOLOUHOVA ULICA 28</AdrLine>
                  <AdrLine>1000 LJUBLJANA</AdrLine>
                </PstlAdr>
              </Cdtr>
              <CdtrAcct>
                <Id>
                  <IBAN>SI56290000050690990</IBAN>
                </Id>
              </CdtrAcct>
            </RltdPties>
            <RltdAgts>
              <DbtrAgt>
                <FinInstnId>
                  <BIC>PBSLSI22</BIC>
                </FinInstnId>
              </DbtrAgt>
              <CdtrAgt>
                <FinInstnId>
                  <BIC>BACXSI22</BIC>
                </FinInstnId>
              </CdtrAgt>
            </RltdAgts>
            <Purp>
              <Cd>OTHR</Cd>
            </Purp>
            <RmtInf>
              <Strd>
                <CdtrRefInf>
                  <Ref>SI0003-1954-0</Ref>
                </CdtrRefInf>
                <AddtlRmtInf>DRUGO</AddtlRmtInf>
              </Strd>
            </RmtInf>
            <RltdDts>
              <IntrBkSttlmDt>2016-12-05</IntrBkSttlmDt>
            </RltdDts>
          </TxDtls>
        </NtryDtls>
      </Ntry>
      <Ntry>
        <Amt Ccy="EUR">104.07</Amt>
        <CdtDbtInd>CRDT</CdtDbtInd>
        <Sts>BOOK</Sts>
        <BookgDt>
          <Dt>2016-12-05</Dt>
        </BookgDt>
        <ValDt>
          <Dt>2016-12-05</Dt>
        </ValDt>
        <AcctSvcrRef>10001QC2Q8LSH2MJ</AcctSvcrRef>
        <BkTxCd>
          <Prtry>
            <Cd>NOTPROVIDED</Cd>
          </Prtry>
        </BkTxCd>
        <NtryDtls>
          <TxDtls>
            <Refs>
              <EndToEndId>SI0003-1945-0</EndToEndId>
              <TxId>SI0003-1945-0</TxId>
            </Refs>
            <RltdPties>
              <Dbtr>
                <Nm>Romana Orthaber</Nm>
                <PstlAdr>
                  <Ctry>SI</Ctry>
                  <AdrLine>SLOMSKOV TRG 010 2000 MARIBOR</AdrLine>
                  <AdrLine>-</AdrLine>
                </PstlAdr>
              </Dbtr>
              <DbtrAcct>
                <Id>
                  <IBAN>SI56906720000040025</IBAN>
                </Id>
              </DbtrAcct>
              <Cdtr>
                <Nm>FREJA, D.O.O.</Nm>
                <PstlAdr>
                  <Ctry>SI</Ctry>
                  <AdrLine>GOLOUHOVA ULICA 28</AdrLine>
                  <AdrLine>1000 LJUBLJANA</AdrLine>
                </PstlAdr>
              </Cdtr>
              <CdtrAcct>
                <Id>
                  <IBAN>SI56290000050690990</IBAN>
                </Id>
              </CdtrAcct>
            </RltdPties>
            <RltdAgts>
              <DbtrAgt>
                <FinInstnId>
                  <BIC>PBSLSI22</BIC>
                </FinInstnId>
              </DbtrAgt>
              <CdtrAgt>
                <FinInstnId>
                  <BIC>BACXSI22</BIC>
                </FinInstnId>
              </CdtrAgt>
            </RltdAgts>
            <Purp>
              <Cd>OTHR</Cd>
            </Purp>
            <RmtInf>
              <Strd>
                <CdtrRefInf>
                  <Ref>SI0003-1945-0</Ref>
                </CdtrRefInf>
                <AddtlRmtInf>DRUGO</AddtlRmtInf>
              </Strd>
            </RmtInf>
            <RltdDts>
              <IntrBkSttlmDt>2016-12-05</IntrBkSttlmDt>
            </RltdDts>
          </TxDtls>
        </NtryDtls>
      </Ntry>
      <Ntry>
        <Amt Ccy="EUR">20.27</Amt>
        <CdtDbtInd>CRDT</CdtDbtInd>
        <Sts>BOOK</Sts>
        <BookgDt>
          <Dt>2016-12-05</Dt>
        </BookgDt>
        <ValDt>
          <Dt>2016-12-05</Dt>
        </ValDt>
        <AcctSvcrRef>10001QC2Q8LSH2MJ</AcctSvcrRef>
        <BkTxCd>
          <Prtry>
            <Cd>NOTPROVIDED</Cd>
          </Prtry>
        </BkTxCd>
        <NtryDtls>
          <TxDtls>
            <Refs>
              <EndToEndId>SI0003-1960-0</EndToEndId>
              <TxId>SI0003-1960-0</TxId>
            </Refs>
            <RltdPties>
              <Dbtr>
                <Nm>Katja Androja</Nm>
                <PstlAdr>
                  <Ctry>SI</Ctry>
                  <AdrLine>SLOMSKOV TRG 010 2000 MARIBOR</AdrLine>
                  <AdrLine>-</AdrLine>
                </PstlAdr>
              </Dbtr>
              <DbtrAcct>
                <Id>
                  <IBAN>SI56906720000040025</IBAN>
                </Id>
              </DbtrAcct>
              <Cdtr>
                <Nm>FREJA, D.O.O.</Nm>
                <PstlAdr>
                  <Ctry>SI</Ctry>
                  <AdrLine>GOLOUHOVA ULICA 28</AdrLine>
                  <AdrLine>1000 LJUBLJANA</AdrLine>
                </PstlAdr>
              </Cdtr>
              <CdtrAcct>
                <Id>
                  <IBAN>SI56290000050690990</IBAN>
                </Id>
              </CdtrAcct>
            </RltdPties>
            <RltdAgts>
              <DbtrAgt>
                <FinInstnId>
                  <BIC>PBSLSI22</BIC>
                </FinInstnId>
              </DbtrAgt>
              <CdtrAgt>
                <FinInstnId>
                  <BIC>BACXSI22</BIC>
                </FinInstnId>
              </CdtrAgt>
            </RltdAgts>
            <Purp>
              <Cd>OTHR</Cd>
            </Purp>
            <RmtInf>
              <Strd>
                <CdtrRefInf>
                  <Ref>SI0003-1960-0</Ref>
                </CdtrRefInf>
                <AddtlRmtInf>DRUGO</AddtlRmtInf>
              </Strd>
            </RmtInf>
            <RltdDts>
              <IntrBkSttlmDt>2016-12-05</IntrBkSttlmDt>
            </RltdDts>
          </TxDtls>
        </NtryDtls>
      </Ntry>
    </Stmt>
  </BkToCstmrStmt>
</Document>